3262 4926
897 169 939 236 32

318 347 484 414 8818181811
512 355 631 434 coepta
660 371 734 414 8888
759 371 789 415 8.
819 350 850 416 (1.
873 352 961 416 XIV
987 351 1121 418 18881.
1145 355 1268 438 Itaque
1294 354 1420 422 mensis
1447 354 1517 420 De-

317 462 462 531 cembris
484 465 695 550 praetoriam

589 581 663 646 (1188
1206 588 1245 651 17

497 737 499 746 ·
590 699 679 764 adde
700 699 828 766 18811818
850 701 1054 768 Novembris
1077 702 1149 769 (1188
1203 705 1245 770 29

862 818 1019 886 Octobris
1082 875 1083 880 ,
1206 822 1243 885 11

565 985 569 992 .
624 988 627 998 .
655 979 662 995 ·.
862 937 950 1002 fiunt
972 937 1044 1002 dies
1201 939 1243 1003 57

416 1050 580 1117 Obsidere
599 1051 706 1135 igitur
725 1051 877 1119 instituit
896 1053 1141 1120 Pindenissum
1155 1077 1184 1120 a.
1200 1055 1231 1121 d.
1247 1056 1320 1120 XII
1329 1059 1359 1138 1)
1374 1057 1406 1122 k.
1427 1058 1518 1124 Nov,

416 1169 479 1253 Ep.
502 1167 546 1232 ad
562 1168 652 1233 0881.
667 1168 704 1232 H
720 1169 761 1232 10
782 1167 862 1234 data
883 1177 936 1234 est
955 1169 1119 1238 vicesimo
1135 1171 1254 1256 quinto
1269 1172 1325 1237 die
1340 1193 1518 1260 oppugna-

316 1283 430 1366 tionis,
463 1283 580 1352 idest
612 1290 732 1368 quarto
759 1284 891 1351 decimo
929 1285 985 1351 (118
1013 1287 1140 1354 mensis
1173 1288 1386 1374 Novembris,
1419 1312 1449 1355 8.
1482 1290 1516 1358 (1.

316 1400 422 1466 XVII
444 1401 476 1467 k.
500 1401 583 1466 Deo.
603 1401 661 1466 vel
682 1401 727 1467 id.
750 1402 833 1468 Dec.
857 1406 901 1484 (v.
924 1405 944 1484 §
965 1403 1007 1484 3).
1052 1404 1109 1469 Ad
1130 1405 1204 1471 Att.
1228 1406 1258 1471 V
1280 1406 1322 1470 20
1347 1428 1367 1472 8
1388 1405 1517 1472 Pinde-

316 1515 409 1582 nisso
432 1524 530 1603 capto
553 1518 668 1587 datam
690 1541 764 1585 8888
785 1518 932 1604 legimus
954 1520 1001 1584 ad
1018 1521 1091 1586 Att.
1106 1521 1157 1587 VI
1180 1524 1207 1607 1,
1229 1523 1258 1587 9.
1291 1523 1410 1607 Neque
1432 1545 1517 1588 vero

316 1655 495 1720 possumus
517 1635 676 1700 assentiri
686 1634 927 1720 Wesenbergii
949 1637 1149 1723 sententiae,
1172 1661 1263 1724 quae,
1272 1639 1384 1725 prima
1399 1640 1516 1726 specie

316 1751 454 1836 arridet,
480 1751 629 1838 priorem
654 1759 789 1839 partem
815 1752 982 1839 epistulae
1009 1755 1134 1834 §143
1162 1778 1190 1822 8.
1214 1755 1245 1821 (1.
1267 1756 1341 1822 XII
1366 1756 1514 1842 18188,

233 1879 235 1885 ‘
315 1867 539 1953 posteriorem
560 1891 588 1934 a.
613 1867 644 1933 (1.
667 1869 699 1933 V
719 1869 752 1934 11.
776 1870 854 1934 Jan.
878 1869 993 1935 datam
1015 1893 1098 1938 esse.

417 2035 436 2102 ¹)
454 2035 564 2090 Notum
583 2042 629 2090 est
644 2035 795 2090 Romanos
812 2035 844 2089 in
856 2025 992 2091 mensum
1009 2035 1113 2092 diebus
1131 2037 1334 2108 significandis
1352 2045 1382 2094 et
1400 2040 1479 2094 diem
1496 2059 1516 2094 a

316 2137 373 2189 quo
397 2125 427 2174 et
445 2119 524 2174 diem
547 2120 693 2190 adquam
718 2125 876 2174 numerent
900 2118 1064 2188 includere;
1092 2125 1180 2190 atquo
1206 2121 1326 2177 omnino
1351 2122 1382 2176 in
1409 2121 1514 2178 diebus

316 2202 521 2275 computandis
547 2203 627 2256 hunc
652 2219 765 2257 morem
786 2201 930 2256 usitatum
954 2201 1048 2258 fuisse
1070 2203 1147 2258 nihil
1171 2211 1223 2273 881,
1247 2205 1319 2276 quin
1345 2205 1514 2276 credamus;

315 2287 383 2342 vide
406 2305 496 2357 supra
522 2286 560 2340 ad
579 2287 641 2340 Att.
659 2287 686 2341 V
703 2291 718 2341 3
736 2287 812 2341 tertio
832 2285 881 2340 aba
903 2293 927 2340 te
948 2285 990 2340 dic
1012 2285 1086 2354 (scil.
1105 2283 1180 2341 VIII
1197 2287 1236 2342 id.
1252 2289 1297 2343 VI
1314 2288 1364 2356 id.)
1387 2287 1425 2342 ad
1451 2289 1513 2344 Att.

315 2372 342 2426 V
361 2375 393 2425 12
413 2379 486 2426 aenio
515 2373 557 2425 dic
583 2371 695 2425 Attenia
722 2371 796 2439 (scil.
828 2369 922 2442 pridie
949 2387 1012 2427 non
1043 2369 1161 2436 Quinct.
1188 2371 1215 2425 V
1242 2371 1281 2426 id.
1308 2370 1438 2439 Quinct.)
1476 2373 1513 2426 In

315 2455 423 2510 febrim
448 2460 623 2525 quartanam
648 2454 765 2509 Atticus
790 2454 896 2509 incidit
922 2472 947 2508 a.
966 2454 993 2508 d.
1011 2454 1054 2508 IV
1079 2471 1147 2508 non.
1169 2455 1255 2510 Mart.
1280 2461 1310 2511 et
1334 2473 1402 2510 non.
1424 2455 1513 2510 Mart.

317 2539 366 2606 (ad
386 2539 448 2593 Att.
465 2538 511 2592 IX
525 2541 549 2606 2,
569 2543 581 2592 1
601 2536 638 2592 cf.
650 2538 726 2592 VIII
743 2542 767 2606 6,
785 2541 820 2605 3).
855 2536 1031 2592 0881818181
1049 2538 1087 2592 ad
1103 2539 1165 2593 Att.
1183 2539 1229 2593 IX
1248 2542 1270 2606 1,
1292 2546 1313 2594 1.
1341 2539 1425 2596 Ovid.
1442 2538 1515 2595 fast.

316 2623 348 2676 II
366 2625 425 2676 267.
442 2622 490 2676 III
508 2625 557 2676 713
576 2625 630 2675 881

378 2743 381 2750 -
396 2755 399 2762 ,
415 2708 519 2777 Itaque
537 2705 746 2762 Pindenissum
764 2705 866 2761 Cicero
888 2705 1006 2761 videtur
1032 2723 1057 2760 a.
1075 2706 1102 2760 (1.
1119 2702 1182 2760 XII
1199 2706 1319 2762 k..Nov.
1340 2722 1514 2778 oppugnare

316 2789 482 2844 instituisse
500 2795 588 2860 atque
604 2789 698 2843 Attici
715 2788 851 2860 epistula,
870 2807 958 2858 quam
975 2789 1078 2844 018818
1094 2808 1119 2844 8.
1137 2791 1164 2844 d.
1173 2791 1252 2844 XIII
1263 2791 1291 2846 k.
1305 2789 1368 2845 Oct.
1386 2789 1515 2862 septimo

317 2872 541 2944 quadragesimo
560 2873 606 2928 die
624 2873 719 2926 Roma
741 2871 862 2942 accepit,
881 2889 906 2925 a.
925 2872 951 2926 d.
969 2872 1017 2926 III
1038 2890 1107 2927 non.
1125 2873 1203 2927 Sext.
1224 2873 1343 2929 videtur
1361 2873 1430 2928 data
1447 2891 1514 2930 8888

317 2964 355 3023 (v.
373 2957 411 3010 ad
428 2957 489 3011 Att.
507 2956 535 3011 V
553 2961 592 3025 19,
612 2957 645 3022 1).

415 3040 456 3093 At
477 3057 570 3094 annos
592 3038 694 3093 Cicero
720 3038 892 3109 plerumque
912 3037 1016 3093 ¹nostro
1041 3056 1122 3093 more
1145 3045 1305 3110 computat,
1324 3046 1358 3094 ut
1378 3057 1472 3094 annus
1494 3058 1517 3094 a

316 3142 373 3193 quo
390 3129 562 3181 numeretur
580 3121 767 3176 excludatur:

415 3207 525 3264 Brutus
552 3211 584 3261 60
609 3224 674 3260 nom
699 3205 815 3262 Plautus
849 3205 882 3260 P.
911 3205 1024 3260 tioudio
1051 3203 1088 3260 L.
1120 3205 1219 3260 Porcio
1250 3207 1347 3277 vipinti
1377 3265 1393 3270 η,

315 3295 395 3346 anna
409 3299 472 3363 post
487 3290 548 3346 illos
565 3307 632 3363 quos
649 3297 711 3344 ante
727 3289 786 3344 dini
802 3288 950 3344 8888811188
967 3295 1087 3343 mortuus
1104 3297 1143 3343 eat
1170 3328 1342 3342 .....
1386 3292 1452 3344 56οε
1463 3292 1516 3344 570

316 3375 354 3429 ib.
383 3379 414 3429 61
443 3375 512 3429 lunc
539 3375 623 3446 iqitur
654 3373 793 3445 Cetteqnm
828 3379 980 3428 8888888188
1008 3379 1046 3426 eat
1074 3379 1161 3427 aetate
1191 3371 1272 3437 Coto,
1300 3374 1347 3444 qui

316 3462 395 3514 annia
412 3457 464 3512 IX
473 3465 539 3530 post
555 3475 613 3512 curn
631 3456 791 3526 consciscit
837 3495 1344 3516 .............
1387 3458 1452 3508 67οε
1464 3458 1516 3509 679

316 3546 363 3616 qui
379 3541 476 3609 (Cato)
493 3549 613 3595 mortuns
635 3547 673 3595 ast
694 3542 772 3594 onnia
789 3537 965 3595 LXXXVI
980 3540 1046 3610 ipsis
1067 3547 1130 3594 ante
1152 3555 1193 3594 me
1214 3539 1346 3595 consulem
1389 3541 1513 3593 6051691

415 3626 499 3680 Brut.
511 3628 559 3680 323
571 3641 642 3678 anno
655 3641 721 3690 meo,
735 3631 808 3678 scoto
819 3621 970 3694 postillam
982 3621 1198 3689 (Hortensium)
1211 3623 1344 3678 conantem
1387 3623 1453 3678 685:
1463 3625 1512 3677 691

415 3709 488 3764 (lato
509 3709 604 3762 maior
626 3713 656 3762 10
677 3724 787 3781 cumque
808 3724 837 3761 eo
859 3713 986 3780 quartum
1006 3706 1112 3761 conscie
1133 3705 1346 3762 adulescentulus

315 3794 388 3849 mileo
400 3793 438 3848 od
449 3794 572 3868 088888
584 3793 722 3866 prosector
733 3808 792 3845 snm
804 3791 895 3864 quinto
914 3806 966 3863 quo
984 3807 1056 3844 anno
1071 3790 1186 3862 posted
1197 3789 1345 3845 Tarentum
1387 3791 1453 3842 540:
1464 3787 1516 3842 546

414 3876 453 3932 ib.
472 3881 504 3931 14
520 3891 592 3930 anno
609 3878 678 3930 enirn
694 3874 885 3930 undevicesimo
899 3882 962 3945 post
978 3875 1034 3928 eiua
1050 3881 1161 3928 mortem
1175 3871 1285 3942 (11881)
1303 3871 1345 3928 ln'o

314 3960 434 4016 consules
454 3959 483 4015 T.
500 3959 654 4014 1788118188
671 3966 696 4014 et
714 3958 754 4013 M.
772 3956 877 4013 Aciliam
886 3959 961 4025 sacti
977 3964 1040 4014 8881
1090 3993 1346 4008 .......
1389 3957 1515 4009 5851604

415 4043 601 4113 Quamquam
621 4060 660 4096 ne
685 4041 717 4095 in
738 4059 773 4096 eo
795 4039 914 4111 quidem
936 4040 1109 4095 Ciceronem
1131 4037 1187 4092 sibi
1208 4043 1345 4093 constare

315 4143 352 4182 ex
369 4127 417 4180 his
435 4123 578 4197 exemplis
595 4124 792 4195 cognoscitur.

416 4209 488 4264 0818
505 4208 599 4263 maior
618 4212 649 4263 10
666 4215 792 4287 quaestor
808 4207 903 4262 deinde
921 4206 1098 4281 quadriennio
1106 4212 1170 4278 poet
1181 4221 1239 4258 sum
1248 4205 1344 4275 faetor
1387 4208 1436 4260 645
1446 4222 1452 4259 :
1463 4209 1517 4260 550

414 4293 458 4348 De
480 4298 594 4347 oratore
612 4292 711 4346 11364
732 4291 909 4365 quadriennio
931 4293 1019 4345 minor
1041 4297 1079 4344 ost
1100 4288 1235 4356 (Crassus
1257 4306 1346 4358 quam

315 4378 475 4445 Antonius)
508 4411 1345 4431 .....................
1389 4373 1514 4426 6111614
1606 4391 1607 4402 ¹

415 4462 527 4516 Brutus
538 4464 583 4516 161
594 4460 741 4530 (Crassus)
757 4458 934 4533 quadriennio
946 4459 1005 4529 ipso
1017 4458 1104 4512 minor
1118 4473 1199 4529 quara
1209 4455 1343 4510 Antoniis
1387 4459 1433 4510 611
1445 4457 1516 4510 1614
1606 4499 1607 4504 ,
