3262 4926
847 222 869 286 4

260 423 338 469 cum
360 404 481 469 scribit
503 405 539 470 II
562 406 616 471 10:
650 411 741 493 alqui
760 411 808 473 sr'c
833 409 949 489 labero,
977 409 1093 472 111ἰί111
1116 434 1163 472 rae
1190 411 1356 496 epistulam
1376 435 1459 474 aece-

251 527 344 609 pe'sse
366 537 449 588 1111
468 539 541 612 post
562 529 690 590 comitia
711 529 774 589 ista
788 527 969 611 praeclara.

313 683 315 687 ·
357 655 480 740 Itaque
502 678 554 743 ep.
576 657 664 722 VIII
685 658 706 720 5
727 663 828 721 antea
851 677 953 741 quam
975 679 1026 742 ep.
1049 657 1139 722 VIII
1160 659 1181 723 9
1204 658 1285 724 data
1307 665 1369 743 est,
1393 683 1458 744 qua

258 771 405 857 epistula
426 772 562 838 (laelius
585 794 622 837 se
643 772 790 837 aedilem
812 777 964 837 creatum
986 795 1059 838 esse
1081 781 1208 839 narrat.

359 905 422 991 Ep.
439 905 527 970 VIII
546 907 567 970 5
584 912 704 992 postea
725 928 827 990 quam
849 929 900 992 ep.
917 907 1007 972 VIII
1033 908 1055 970 4
1079 907 1219 972 missam
1243 932 1316 975 esse
1339 932 1381 974 ex
1402 911 1455 992 fis,
1547 995 1551 1002 ι

128 1077 131 1084 .
259 1042 344 1104 quae
370 1021 413 1086 de
440 1021 598 1087 Curionis
624 1021 803 1087 tribunatu
830 1021 985 1108 legimus,
1012 1023 1230 1110 perspicitur,
1258 1025 1346 1090 VIII
1368 1027 1396 1111 4,
1419 1028 1453 1091 2:

259 1142 293 1206 ia
327 1142 416 1204 cuias
452 1142 550 1204 laeam
578 1142 609 1205 C.
643 1141 738 1206 (lario
758 1145 851 1228 petel.
905 1139 993 1205 VIII
1021 1141 1050 1226 5,
1076 1141 1096 1204 3
1128 1143 1184 1207 leae
1211 1147 1259 1208 sie
1277 1149 1454 1230 praeterito

258 1257 450 1321 essedario
473 1259 616 1321 tribanus
636 1261 705 1322 erit.
749 1255 837 1320 VIII
855 1257 877 1319 4
896 1255 1060 1320 nimirum
1080 1280 1134 1321 res
1154 1279 1243 1322 nova
1263 1258 1453 1343 nuntiatur,

257 1371 441 1436 Curionem
462 1373 676 1438 tribunatum
697 1381 824 1459 petere,
847 1373 935 1438 VIII
957 1375 977 1436 5
999 1372 1042 1438 de
1065 1396 1102 1438 re
1125 1381 1208 1439 nota
1229 1375 1353 1458 agitur.

357 1489 444 1553 VIH
464 1492 486 1554 4
508 1490 540 1554 k.
563 1490 657 1555 Sext.
681 1490 760 1556 data
782 1497 836 1555 est
856 1513 888 1556 v.
912 1493 931 1571 ξ
953 1491 982 1556 3.

356 1605 444 1670 VIII
464 1607 485 1671 9
507 1629 535 1671 a.
559 1606 591 1670 d.
614 1606 673 1672 IV.
695 1629 765 1672 non
787 1607 881 1694 Sept.
905 1630 937 1672 v.
960 1611 980 1688 ἓ
1001 1608 1030 1672 2.

356 1740 430 1804 Iam
441 1763 531 1825 vero,
545 1740 932 1825 quoniammanifestum
944 1747 997 1805 est
1008 1739 1150 1827 ep.VIII
1162 1741 1183 1804 5
1194 1746 1349 1826 tempore
1361 1741 1452 1806 inter

258 1856 346 1920 VIII
364 1858 386 1920 4
405 1859 481 1922 ets
507 1857 749 1944 interpositam
776 1881 858 1942 esse,
886 1857 1076 1928 accuratius
1114 1880 1179 1941 quo
1211 1864 1364 1943 tempore
1398 1880 1455 1950 ep.-

257 1972 344 2038 VIII
363 1975 383 2036 5
405 1974 532 2060 scripta
553 1975 599 2039 sit
621 1974 758 2040 definiri
779 1981 901 2060 potest.

355 2106 519 2191 Legimus
549 2107 637 2172 VIII
663 2109 691 2192 9,
718 2107 738 2171 2
768 2109 804 2174 de
830 2112 1021 2194 proviaciis,
1055 2109 1139 2194 qaod
1168 2111 1229 2173 ribi
1261 2111 1450 2194 scripseram

256 2225 362 2288 idibus
387 2226 472 2291 Serrt
498 2229 680 2307 1111111111,
706 2226 918 2312 interpellavit
947 2226 1101 2290 iudicium
1130 2227 1283 2296 Marcelli,
1313 2227 1450 2290 causalis

256 2342 421 2429 dese'prratr'.
465 2343 555 2405 [111.
578 2366 628 2405 res
657 2344 773 2406 reiecta
802 2355 859 2422 est,·
886 2366 923 2404 ae
941 2339 1159 2426 frequentiam
1182 2341 1305 2426 quidem
1328 2341 1450 2427 efficere

250 2472 426 2544 potuerant.
460 2461 531 2523 Has
550 2461 671 2523 litterae
686 2483 714 2522 a.
731 2458 760 2522 d.
776 2458 831 2520 IV
838 2481 908 2521 111.
925 2457 1116 2546 Septembres
1131 2459 1215 2540 dedi,
1232 2483 1299 2522 cam
1320 2460 1363 2524 ad
1383 2484 1450 2524 eam

255 2576 337 2640 diem
357 2600 395 2639 ae
409 2576 614 2664 proflipatam
635 2576 760 2661 quidem
781 2577 947 2659 quicquam
969 2587 1044 2638 erat.

355 2707 446 2773 Scite
475 2707 517 2772 de
543 2708 707 2773 hocloco
733 2708 788 2772 Fr.
815 2706 1032 2772 Hofmannus
1060 2706 1097 2770 in
1125 2706 1213 2772 libro
1247 2705 1289 2771 de
1315 2707 1449 2790 origine

253 2825 338 2890 belli
353 2825 465 2889 civilis
480 2846 558 2910 pag.
572 2826 614 2889 40
628 2830 710 2890 nota
724 2826 757 2888 5:
775 2824 958 2910 „Apparet
976 2823 1208 2908 frequentiam
1221 2823 1450 2910 Pompeianos

254 2941 388 3006 efficere
417 2965 486 3007 non
511 2942 664 3028 potuisse
686 2941 731 3008 id.
755 2941 857 3026 Sext,
884 2963 955 3005 non
975 2940 1007 3006 k.
1032 2940 1134 3027 Sept,
1163 2948 1202 3005 ut
1227 2941 1449 3005 Drumannus

254 3064 370 3122 censet
392 3058 548 3123 Historia
568 3059 724 3123 Romana
745 3036 800 3122 III
821 3057 911 3122 3804

352 3192 441 3257 Nam
468 3192 557 3276 quod
583 3192 721 3258 additur
747 3215 852 3278 usque
878 3192 921 3258 ad
944 3215 972 3258 a.
999 3193 1030 3258 d.
1054 3193 1105 3258 IV
1132 3215 1210 3258 non.
1239 3192 1332 3278 Sept.
1360 3192 1449 3256 nihil

253 3307 471 3394 profligatum
498 3331 583 3393 esse,
617 3331 907 3395 supervacaneum
935 3315 1037 3392 esset,
1071 3309 1100 3374 si
1125 3309 1157 3374 k.
1187 3309 1279 3396 Sept.
1310 3317 1449 3374 senatus

252 3422 451 3508 infrequens
466 3423 598 3489 fuisset.
634 3424 815 3489 Praeterea
830 3424 995 3490 iudicium
1009 3425 1165 3490 Marcelli
1180 3448 1250 3491 non
1264 3425 1331 3491 alio
1347 3425 1448 3490 modo

252 3546 386 3625 poterat
407 3540 582 3625 impedire,
607 3540 786 3624 quominus
806 3539 849 3604 de
869 3541 1054 3625 provinciis
1077 3548 1246 3626 ageretur,
1269 3543 1337 3607 nisi
1358 3543 1448 3627 quod

253 3655 375 3740 effecit,
398 3663 436 3720 ut
451 3656 551 3721 multi
565 3663 680 3741 patres
701 3654 869 3721 deessent.
899 3656 1056 3741 Denique
1076 3657 1448 3745 plusquamperfectum

248 3749 415 3860 paruerant
442 3811 484 3819 —
512 3795 592 3838 nam
614 3788 784 3861 potuerant
820 3780 871 3839 est
900 3773 1095 3840 coniectura
1125 3775 1271 3840 Victorii
1305 3776 1447 3841 minime

254 3889 455 3972 necessaria,
479 3927 521 3935 —
542 3910 612 3954 non
633 3895 746 3975 potest
766 3888 889 3954 referri
910 3890 978 3954 nisi
1000 3891 1044 3956 ad
1065 3889 1143 3955 idus
1167 3890 1326 3956 Sextiles.

351 4022 448 4086 Inter
473 4021 636 4086 kalendas
663 4029 777 4088 autem
805 4030 840 4087 et
865 4021 942 4087 idus
970 4023 1062 4088 Sext.
1091 4023 1133 4088 de
1162 4025 1350 4109 provinciis
1377 4047 1447 4090 non

250 4139 396 4203 relatum
426 4160 499 4204 esse
530 4138 611 4203 iude
640 4139 859 4225 perspicitur,
893 4140 982 4224 quod
1011 4139 1146 4206 Caelius
1176 4162 1254 4205 cum
1285 4141 1448 4228 respiciat

251 4256 339 4321 VIH
360 4257 388 4340 9,
410 4257 430 4320 2
452 4256 495 4320 ad
518 4277 565 4339 ea,
593 4255 732 4340 queck.
756 4255 847 4321 Sext.
874 4255 1049 4341 scripserit
1067 4270 1149 4343 peto
1175 4259 1281 4322 idibus
1302 4259 1385 4324 Sext.
1409 4261 1446 4325 de

250 4399 287 4438 ea
311 4398 344 4438 re
370 4378 544 4438 1111111111
568 4372 668 4453 (VIII
693 4374 722 4456 4,
747 4374 780 4453 4)
811 4373 906 4457 quasi
934 4372 1115 4456 gloriatur,
1151 4396 1186 4437 se
1221 4380 1313 4438 recte
1349 4396 1447 4458 prae·

250 4463 377 4557 dixisse
399 4496 478 4554 ante
500 4488 576 4553 idus
600 4489 691 4554 Sext.
716 4489 757 4554 de
779 4489 966 4575 provinciis
988 4510 1058 4553 non
1079 4495 1194 4554 actum
1216 4489 1268 4553 iri.
