3262 4926
712 188 754 254 25

118 378 237 456 petum
260 369 304 435 in
327 369 582 457 Cappadociam
603 370 753 438 facturos
775 393 849 437 esso
872 371 932 454 (ad
942 371 1022 438 fain.
1034 373 1104 438 XV
1114 373 1171 456 3¹).
1213 374 1332 460 Itaque

117 510 167 574 ep.
180 486 273 553 1116
290 509 325 552 a.
337 487 371 554 d.
383 485 440 552 III
455 509 533 553 non.
547 487 639 574 Sept.
656 489 814 574 paullove
830 496 916 575 post,
932 511 1001 554 non
1017 489 1050 555 k.
1063 490 1331 577 Septembribusr,
1402 541 1406 550 .
1455 561 1458 567 ,

118 626 204 690 quae
227 603 434 670 Hofmanni
455 603 630 670 sententia
652 611 704 669 est
725 604 858 690 prolata
879 603 902 669 l.
924 627 951 669 s.
973 627 1008 689 a,
1042 605 1169 692 scripta
1194 605 1334 672 videtur

120 743 208 803 esse;
243 742 360 806 quare
388 720 590 786 Ciceronem
623 721 727 786 etiarn
758 729 836 808 post
867 743 897 788 a.
926 721 957 787 d.
985 723 1041 786 ΠΙ
1065 745 1144 790 non.
1171 723 1264 810 Sept.
1295 725 1332 788 in

125 839 241 904 eastris
263 838 380 904 fuisse
402 837 624 904 manifestum
646 845 708 904 est.

218 955 263 1020 In
304 977 360 1041 ep.
389 955 445 1019 ΙΠ
476 953 497 1020 6
528 954 585 1019 lex
615 955 775 1020 Cornelia
808 964 1104 1042 commemoratur;
1128 959 1190 1038 §3
1220 961 1277 1024 red
1297 985 1331 1024 cc

127 1075 315 1158 dieoeeeebte}
339 1100 399 1162 quo
422 1100 475 1163 epo
497 1089 525 1140 te
546 1099 584 1138 ue
598 1078 753 1161 persequi
771 1076 896 1161 quidem
910 1101 1038 1164 poterut
1059 1081 1191 1165 trr'piruc
1212 1079 1330 1157 dicbus,

127 1195 181 1277 qm'
201 1193 265 1256 titi
287 1193 335 1256 ad
355 1192 560 1257 decedendum.
583 1195 655 1280 Iope,
677 1207 713 1258 ot
732 1196 855 1279 opinor,
878 1192 1024 1258 Cornelia
1047 1195 1207 1259 constituti
1223 1209 1330 1258 esseut.

124 1309 155 1387 ξ.
177 1307 198 1371 6
225 1323 263 1388 et,
291 1321 327 1372 ut
356 1308 469 1371 labere
495 1310 647 1372 rationem
667 1312 787 1393 poeste,
810 1332 869 1392 quo
896 1309 961 1373 loco
988 1332 1036 1372 rue
1057 1310 1146 1373 solva
1172 1311 1236 1397 lcpe
1258 1311 1331 1374 Ocr-

115 1428 216 1496 ,celio
238 1428 412 1504 conventos,
436 1449 489 1511 cpe
511 1428 545 1488 rb
565 1427 764 1512 procinctum
785 1426 859 1489 veni
875 1426 987 1512 pridie
1014 1427 1165 1491 kalendae
1185 1427 1329 1492 Sembitae.

233 1540 455 1626 Perspicuum
476 1539 584 1624 igitur
605 1546 665 1624 est,
688 1538 762 1604 dies
784 1538 929 1624 triginta
949 1562 1019 1606 non
1034 1541 1207 1606 numerari
1228 1541 1271 1607 ab
1291 1565 1331 1609 eo

138 1655 202 1740 die,
225 1677 287 1741 quo
313 1655 432 1722 Cicero
464 1655 678 1742 provinciam
713 1654 887 1740 ingressus
920 1663 982 1722 est.
1038 1655 1252 1742 Quamquam
1282 1659 1332 1723 ita

140 1772 224 1838 solet
246 1773 379 1838 definiri
400 1771 439 1836 in
472 1770 726 1836 commentariis
760 1777 795 1836 et
822 1770 860 1835 in
881 1771 1110 1837 Onomasticis
1141 1780 1179 1838 ut
1211 1773 1247 1838 in
1269 1774 1331 1839 Er.-

141 1890 242 1955 nestii
263 1889 358 1957 Glari
383 1895 418 1954 et
446 1885 484 1954 in
505 1887 613 1953 Orelli
640 1886 859 1954 Onomastico
886 1887 949 1954 sub
975 1888 1052 1973 lege
1074 1889 1242 1956 Cornelia.
1285 1889 1331 1955 Ni

141 2005 248 2091 fallor,
263 2006 306 2072 ab
320 2028 357 2072 eo
370 2006 426 2071 die
442 2026 508 2090 quo
523 2005 666 2070 nuntius
682 2005 724 2071 de
740 2006 915 2072 Ciceronis
930 2005 1081 2071 adventu
1095 2006 1139 2072 ad
1153 2007 1331 2095 Appinum

136 2125 261 2190 allatus
283 2131 340 2208 est,
362 2123 438 2192 dies
459 2124 502 2188 30
523 2122 567 2187 ad
588 2121 849 2189 decendentium
870 2123 995 2208 reliqui
1017 2131 1123 2189 erant.

229 2241 272 2305 In
300 2262 353 2326 ep.
377 2239 422 2304 ad
443 2239 488 2304 M.
511 2239 711 2304 Marcellum
733 2240 788 2304 XI
809 2241 830 2305 9
852 2240 972 2306 Oicero
998 2241 1118 2307 scribit
1147 2268 1224 2328 quoe
1250 2243 1333 2307 mibi

136 2361 172 2424 de
193 2361 322 2425 Parthis
350 2361 495 2423 aventato
520 2372 592 2422 eunt
617 2362 692 2443 quio
724 2383 785 2422 core
806 2361 961 2446 putabam
993 2387 1013 2424 a
1046 2385 1092 2424 rae
1125 2363 1218 2424 ctiam
1249 2383 1330 2423 curso

134 2479 295 2543 scribenda
326 2501 393 2541 esee
418 2477 560 2562 publice,
583 2490 754 2562 propterca
786 2501 823 2540 oe
848 2502 912 2564 pro
941 2476 1174 2562 furnilima'tolc
1206 2479 1331 2562 quedem

133 2611 233 2660 costra
254 2596 346 2659 volui
365 2593 409 2656 cd
429 2607 456 2656 te
477 2594 622 2656 scribere.
637 2597 640 2603 ’
655 2590 776 2674 Itaque
797 2590 883 2656 haec
904 2591 1051 2678 epistula
1065 2591 1146 2657 data
1166 2599 1220 2658 est
1239 2601 1330 2678 post

130 2733 230 2796 quam
252 2709 375 2777 Cicero
397 2730 426 2774 a.
449 2708 481 2774 d.
503 2709 559 2774 HI
580 2730 659 2774 non.
673 2707 765 2794 Sept.
787 2707 949 2776 nuntium
969 2708 1012 2775 de
1027 2710 1166 2775 Parthis
1188 2709 1329 2795 accepit,

127 2835 162 2895 at
182 2835 372 2913 antequam
392 2847 421 2891 a.
444 2825 476 2892 d.
499 2825 554 2890 XI
574 2825 608 2892 k.
624 2825 697 2890 Oct.
720 2823 763 2890 ad
785 2831 941 2890 senatum
962 2824 1095 2890 litteras
1117 2825 1221 2892 misit.
1254 2827 1329 2890 Hac

127 2946 278 3033 epistula
292 2944 413 3011 Cicero
434 2944 481 3010 M.
496 2943 667 3026 Marcello,
691 2942 781 3029 quod
800 2942 837 3008 O.
853 2942 1038 3008 Marcellus
1056 2943 1175 3008 consul
1196 2951 1329 3009 creatus

126 3066 190 3147 est,
212 3061 420 3148 gratuletur;
454 3081 557 3146 quare
584 3059 644 3125 vix
672 3058 823 3143 dubium,
846 3059 930 3144 quin
952 3081 1037 3145 quae
1060 3059 1226 3146 epistulae
1249 3059 1330 3125 libri

126 3179 244 3266 quinti
266 3177 393 3244 decimi
414 3177 460 3243 ed
486 3176 626 3243 comitia
651 3175 842 3242 consularia
873 3175 1057 3262 pertinent,
1080 3174 1117 3240 id
1143 3182 1195 3240 est
1224 3183 1328 3259 sexta,

124 3297 277 3383 septima
299 3302 429 3378 octava,
450 3293 554 3360 simul
575 3293 674 3360 datae
696 3293 776 3359 sint.
799 3322 804 3330 ·
1318 3299 1320 3304 “

539 3529 761 3652 'v‘ea

229 3713 351 3780 Cicero
374 3735 451 3778 cum
473 3735 501 3778 a.
525 3711 556 3790 d.
579 3711 671 3776 XIII
692 3709 725 3775 lr.
748 3711 821 3776 Oct
844 3732 949 3775 novos
973 3709 1014 3774 de
1030 3709 1167 3776 Parthis
1189 3708 1327 3776 nuntios

128 3830 328 3918 accepisset,
351 3828 394 3894 ad
417 3835 573 3914 senatum
595 3815 637 3892 de
660 3827 724 3892 hoc
756 3826 847 3892 bello
880 3825 1007 3892 referre
1043 3825 1221 3895 constituit
1244 3825 1328 3908 (XV

128 3927 1327 4034 mawmmmmmffimmme

124 4087 209 4134 nam
230 4063 332 4129 initio
347 4050 466 4128 Cicero
481 4068 597 4148 aperte
618 4049 747 4128 fatetur
762 4060 952 4146 superiores
967 4061 1100 4125 litterae
1114 4059 1157 4124 ad
1172 4039 1328 4158 seneturn

230 4315 249 4378 ¹)
270 4311 479 4382 Quaecumque
500 4311 579 4366 bella
595 4309 723 4365 Romani
739 4326 807 4363 cum
824 4309 944 4364 Parthis
966 4314 1130 4386 gesserunt,
1148 4326 1183 4364 ea
1201 4307 1327 4378 quodam

127 4395 216 4450 modo
233 4394 271 4450 ad
282 4393 454 4448 Armeniam
469 4393 658 4465 pertinebant
669 4393 718 4448 v'el
731 4391 809 4463 quod
821 4393 954 4448 Armenii
967 4392 1039 4447 socii
1052 4393 1114 4447 sive
1126 4391 1327 4446 Romanorum

128 4478 193 4535 sire
211 4478 315 4533 Parthi
333 4483 425 4543 erant,
442 4473 492 4532 ¹vel
509 4477 588 4547 quod
606 4477 641 4531 de
659 4475 724 4547 ipsa
741 4475 883 4532 Armenia
901 4476 1077 4532 certabatur.
