3262 4926
785 231 804 295 7

294 417 410 502 Atque
447 414 646 480 Ciceronem
682 433 789 479 unum
824 414 977 480 omnium
1011 415 1158 479 maxime
1194 413 1258 479 hac
1293 414 1395 480 laude

192 534 347 618 viguisse
381 538 415 596 et
446 532 519 617 ipse
551 537 700 596 testatur
733 533 793 614 (or.
820 532 896 613 129)
931 537 965 596 et
997 531 1168 596 orationes
1201 530 1395 614 declarant;

196 673 300 737 quare
322 649 486 732 Ciceroni,
509 649 540 713 si
560 648 677 734 plures
699 669 803 713 unam
825 669 962 712 causam
984 648 1136 732 orabant,
1162 647 1219 712 vel
1241 646 1284 712 ab
1306 648 1396 713 Hor·

195 767 306 833 tensio
327 765 560 851 perorationes
582 763 657 829 dari
685 763 842 829 solebant
865 767 924 846 (or.
948 764 1017 845 139,
1054 764 1152 829 Brut.
1174 764 1287 846 127)¹).
1324 764 1395 829 Ad-

196 883 354 950 versariis
381 890 512 965 autem,
542 881 640 946 velut
665 879 764 945 novis
787 879 917 945 Atticis
945 887 980 945 et
1007 879 1140 946 Calidio
1178 903 1254 946 eam
1285 881 1396 967 ipsam

196 1001 238 1065 ob
279 1021 415 1065 causam
452 999 574 1064 Cicero
615 997 729 1062 furere
766 1004 802 1062 et
843 997 1004 1062 bacchari
1038 998 1237 1082 videbatur,
1279 1019 1420 1093 quam--

195 1139 295 1202 quam
322 1123 358 1182 et
384 1116 600 1200 aliquantum
633 1114 674 1179 de
706 1114 848 1179 iuvenili
883 1114 1003 1180 ardore
1034 1115 1213 1181 remiserat
1245 1122 1280 1180 et
1320 1115 1394 1200 ipse

195 1234 332 1318 fatetur,
355 1239 536 1315 oratorem,
559 1231 617 1315 qui
637 1231 727 1295 nihil
747 1231 935 1315 tranquille
963 1238 1111 1298 tractare
1139 1219 1256 1318 possit,
1288 1233 1396 1313 fiaerc

193 1368 221 1418 et
243 1353 396 1417 bacchari
415 1350 475 1430 (or.
496 1349 549 1430 99)

298 1485 393 1561 Quae
409 1505 486 1547 cum
500 1482 550 1547 ita
564 1482 643 1567 sint,
659 1488 699 1546 ut
713 1482 892 1547 redeamus
907 1482 951 1547 ad
966 1482 1138 1569 epistulae,
1160 1504 1230 1547 non
1252 1481 1397 1547 dubium
1508 1545 1510 1549 .

196 1601 284 1666 mihi
309 1600 458 1684 videtin,
487 1599 570 1684 quin
597 1599 641 1664 ad
663 1599 738 1664 Att.
762 1599 793 1664 V
817 1601 856 1664 19
878 1599 921 1664 de
947 1599 1074 1665 Calidii
1099 1599 1236 1686 repulsa
1263 1606 1397 1683 agatur.

198 1718 295 1796 Quod
309 1717 484 1782 Mediceus
505 1715 625 1781 habet:
649 1731 788 1799 certaret,
810 1715 868 1800 qui
882 1716 1027 1780 Hirrum
1048 1715 1208 1800 intellegi
1221 1714 1397 1800 volebant,

195 1851 349 1900 certat-aot
380 1835 437 1898 vel
478 1849 646 1899 certassent
677 1832 862 1918 ponebant,
895 1855 957 1897 nos
990 1853 1071 1898 vero
1109 1854 1288 1918 possumus
1326 1839 1397 1897 tra-

195 1951 305 2017 ditam
326 1951 512 2016 lectionem
533 1949 634 2033 tueri,
658 1948 818 2033 quoniam
837 1947 990 2013 Calidius
1013 1947 1141 2013 cotidie
1163 1948 1200 2012 in
1221 1948 1296 2015 foro
1319 1971 1397 2014 cum

196 2069 361 2134 Cicerone
385 2066 623 2133 contendebat.

294 2220 407 2284 Erunt
428 2225 545 2283 tamen
568 2218 626 2302 qni
649 2217 859 2284 contendant
873 2219 919 2283 M.
936 2217 1108 2283 Calidium
1129 2239 1199 2283 non
1222 2215 1395 2281 infensum

193 2335 352 2402 Ciceroni
366 2334 483 2400 fuisse.
516 2333 681 2418 Legimus
705 2334 840 2418 quidem
856 2334 894 2399 in
912 2334 1065 2400 oratione
1085 2341 1163 2420 post
1184 2333 1336 2398 reditum
1357 2333 1395 2398 in

196 2459 318 2516 senatu
330 2451 458 2535 habita,
474 2472 539 2534 quo
554 2450 628 2515 loco
646 2450 766 2516 Cicero
787 2456 915 2534 quanta
930 2471 1011 2534 erga
1026 2472 1061 2515 se
1077 2455 1275 2536 praetorum
1289 2447 1397 2514 fuerit

195 2565 438 2633 benevolentia
464 2567 626 2651 ostendit,
648 2567 677 2650 9,
698 2567 739 2632 22
768 2570 812 2632 M.
835 2581 936 2631 autem
958 2540 1103 2632 Calidius
1125 2571 1229 2632 statim
1252 2569 1396 2655 deriptio-

195 2700 244 2749 tas
270 2690 421 2750 sententia
446 2711 516 2767 saa,
548 2711 640 2770 quam
661 2699 738 2749 esset
770 2709 845 2748 cara
877 2687 944 2748 sibi
973 2709 1042 2748 mea
1079 2686 1178 2761 salus,
1212 2684 1393 2749 declaravit.

192 2801 398 2867 Conferatur
418 2800 462 2866 ad
484 2799 653 2878 Quintum
673 2798 715 2865 fr.
737 2800 805 2884 13,
829 2800 857 2865 t.
890 2800 927 2864 H
948 2801 977 2885 9,
999 2800 1031 2864 2.

292 2951 342 3016 At
358 2957 496 3017 tantum
513 2950 621 3035 abest,
637 2956 677 3015 ut
692 2950 757 3014 hac
774 2950 1071 3034 argumentatione
1090 2957 1207 3016 nostra
1222 2950 1397 3015 sententia

194 3067 417 3151 convellatur,
450 3073 489 3132 ut
520 3066 669 3131 maxime
701 3065 872 3132 fulciatur.
921 3066 1011 3132 Nam
1043 3067 1163 3133 Cicero
1196 3066 1319 3132 scribit
1350 3065 1395 3131 ad

194 3184 266 3249 Att.
289 3185 322 3250 V
344 3185 392 3268 19,
420 3185 440 3248 3
478 3189 582 3270 itaque
612 3211 659 3250 ma
688 3189 782 3250 etiam
814 3187 1014 3268 admonuisti,
1046 3201 1080 3251 ut
1108 3187 1290 3272 panderem,
1321 3210 1394 3248 uam

195 3305 277 3367 mitt
296 3307 331 3367 ia
352 3317 479 3368 arentem
500 3328 561 3368 aco
587 3318 720 3367 acuerat.
763 3305 835 3368 Nou
864 3304 964 3386 credo,
979 3307 1109 3389 't'oquia
1158 3304 1197 3368 Ut
1222 3305 1313 3383 tibet,-
1338 3303 1395 3366 scd

189 3420 290 3504 plane
308 3421 435 3506 pantica,
458 3422 606 3505 quoniam
624 3416 661 3484 τὸ
686 3421 823 3502 νεμεσᾶν
838 3423 966 3484 interest
979 3421 1036 3484 τοῦ
1052 3424 1201 3507 φθονεῖν.
1235 3415 1394 3481 Tacitum

192 3534 304 3619 igitur
326 3534 495 3618 quoddam
516 3532 680 3618 gaudium
693 3533 815 3599 Cicero
836 3532 962 3620 prodit,
983 3533 1073 3618 quod
1094 3555 1163 3599 non
1185 3533 1300 3599 acerbi
1321 3532 1393 3598 odii

192 3657 255 3736 est,
278 3651 338 3718 sed
359 3651 430 3716 illis
450 3650 686 3716 simultatibus
706 3656 834 3736 aptum,
851 3672 933 3734 quas
948 3651 1150 3717 Ciceronem
1165 3673 1243 3716 curn
1257 3649 1391 3717 Calidio

193 3767 386 3833 exercuisse
408 3789 511 3853 supra
532 3766 703 3854 exipsius
724 3765 932 3832 testimoniis
956 3767 1191 3834 conclusimus.

292 3900 349 3966 Ad
370 3901 477 3966 verba
498 3901 629 3967 Graeca
655 3899 858 3987 explicanda
884 3899 1029 3966 affertur
1057 3901 1161 3987 loona,
1189 3903 1248 3988 qui
1278 3909 1329 3968 est
1353 3903 1392 3967 in

191 4018 393 4084 Aristotelis
425 4017 606 4084 rhetoricis
635 4017 672 4082 Π
699 4018 720 4082 9
750 4015 952 4104 'Avitacum
980 4019 1015 4084 δὲ
1043 4023 1087 4107 τῷ
1116 4021 1216 4086 ἐλεεῖν
1250 4019 1392 4104 μάλιστα

190 4125 265 4221 μὲν,
308 4135 328 4202 ὃ
370 4137 504 4202 καλοῦσι
546 4139 684 4220 νεμεσᾶν
723 4133 761 4201 τὸ
807 4136 987 4202 λυπεῖσθαι
1033 4138 1089 4202 ἐπὶ
1130 4141 1202 4214 ταῖς
1243 4137 1392 4214 ἀναξίαις
1511 4142 1518 4158 ’

294 4439 313 4504 ¹)
333 4436 510 4491 Conferatur
527 4433 641 4489 Halmii
659 4431 811 4488 adnotatio
828 4433 860 4488 in
882 4435 1093 4490 commentario
1115 4436 1207 4491 latine
1225 4438 1335 4511 scripto
1353 4439 1392 4492 ad

190 4520 359 4576 Sestianam
376 4539 403 4591 p.
421 4522 462 4574 85.
