3262 4926
680 150 721 215 33

196 331 362 415 Legimus
389 332 481 396 enim
508 337 528 413 ξ
554 333 575 396 8
608 337 697 400 redeo
724 337 768 400 ad
794 338 923 418 urbana,
957 359 1033 420 qaae
1056 361 1109 423 epo
1132 339 1188 402 dia
1210 342 1296 425 aprro-

87 476 167 513 rarrs
193 476 235 514 eac
256 454 319 515 turs
346 452 587 517 iucundissimis
615 456 730 518 litteris
753 481 781 516 a.
805 455 834 518 (1.
864 455 936 517 Vk.
960 455 1135 518 ‘Ianuarias
1164 455 1296 539 demque

87 572 236 654 capuaci.
291 570 358 632 Eas
394 569 634 656 dilr'peatrssrme
666 571 864 657 Phr'lopcrres,
902 569 1031 634 libertus
1059 585 1137 651 tuas,
1174 575 1296 636 curavit

84 687 246 772 perlonpa
269 699 297 748 ct
328 703 389 748 aaa
421 689 500 749 satir
532 700 597 749 tuta
628 689 683 750 via
708 685 933 772 peffcreaolam
965 711 1037 750 acm
1070 711 1147 770 qaas
1179 689 1298 752 Laeuii

85 805 201 887 pucras
227 804 344 866 scribis
367 803 457 866 datas
479 825 541 866 aon
561 817 751 889 acceperam.
788 803 929 866 Iucunda
955 805 992 866 de
1014 803 1147 867 Caesare
1169 819 1197 868 et
1218 829 1295 890 quac

72 1034 217 1100 ‘Laeuii
251 1033 367 1120 pueris
393 1033 524 1099 litteras
547 1057 576 1098 a.
605 1033 637 1098 d.
670 1035 715 1100 X.
741 1034 774 1099 lr.
808 1034 881 1099 Oct.
908 1033 1004 1099 datas
1032 1058 1105 1101 esse
1133 1036 1294 1101 scribitur

93 1153 131 1216 ad
154 1152 234 1217 Att.
258 1151 291 1214 V
312 1152 361 1234 21,
383 1152 421 1232 4,·
442 1151 557 1234 itaque
580 1151 689 1216 Attici
717 1151 872 1237 epistula,
900 1151 944 1216 ad
972 1174 1072 1235 quarn
1095 1153 1214 1218 Cicero
1242 1177 1294 1218 re-

94 1269 250 1355 spondet,
273 1275 352 1354 post
373 1290 402 1332 a.
425 1267 456 1333 d.
478 1269 516 1332 X
536 1268 569 1333 k.
589 1268 662 1333 Oct.
686 1268 812 1354 scripta
834 1251 898 1352 est;
922 1291 992 1334 non
1014 1270 1156 1336 dubium
1178 1271 1293 1356 igitur,

94 1386 174 1470 quin
198 1389 220 1466 ξ
241 1386 264 1448 8
286 1384 330 1449 ad
352 1392 489 1450 senatus
512 1386 666 1451 consulta
685 1385 796 1471 pridie
819 1385 852 1450 lr.
869 1386 940 1452 Oct.
964 1387 1001 1450 in
1023 1386 1106 1452 aede
1121 1387 1293 1473 Apollinis

95 1485 182 1568 lacta
204 1501 419 1587 respiciatur,
444 1502 586 1586 quodie
609 1502 784 1567 decretum
806 1510 865 1588 est,
888 1511 927 1568 ut
948 1503 979 1566 k.
1001 1505 1134 1570 Martiis
1156 1505 1198 1570 de
1218 1529 1295 1592 pro-

101 1619 218 1684 vinciis
244 1617 432 1683 referretur
459 1619 515 1701 (ad
543 1619 623 1684 farn.
650 1620 738 1684 VIII
763 1621 806 1700 8).
851 1620 911 1700 §7
938 1628 1053 1686 autem
1075 1623 1144 1687 Cio.
1175 1623 1294 1688 scribit

106 1739 155 1800 scd
183 1752 226 1802 est
253 1750 348 1800 totam
373 1739 456 1821 qaod
480 1739 624 1802 kalendis
649 1740 779 1802 Martias
802 1738 950 1822 futuram
983 1755 1041 1821 cst;
1073 1739 1116 1803 ad
1149 1740 1293 1804 eandem
1347 1756 1349 1760 '

108 1852 205 1935 igitur
225 1851 334 1917 Attici
356 1852 546 1937 epistulam,
569 1851 664 1917 cuius
687 1854 815 1919 mentio
837 1854 877 1919 fit
898 1858 917 1935 ξ
938 1854 967 1938 8,
989 1856 1131 1940 respicit
1152 1861 1172 1936 ξ
1194 1858 1222 1922 7.

203 1968 350 2054 Apparet
376 1976 490 2033 autern
515 1968 558 2033 ab
583 1968 650 2033 alio
673 1969 874 2034 Ciceronem
895 1969 938 2034 de
961 1978 1098 2035 senatus
1129 1974 1292 2038 consultis

105 2085 277 2149 certiorem
309 2107 379 2149 non
410 2084 539 2150 factum
572 2108 655 2170 esse,
692 2109 770 2152 cum
801 2087 928 2153 scribat
961 2092 1095 2171 urbana,
1129 2115 1207 2176 quae
1240 2119 1293 2178 epo

98 2205 152 2267 dra
186 2207 336 2290 r'pncrans
369 2228 407 2267 eac
439 2207 501 2266 tm's
534 2204 649 2268 lrttcra'a
682 2209 821 2292 capuaci,
859 2206 878 2283 ξ
901 2204 920 2267 7
946 2211 1060 2269 autem
1087 2204 1129 2270 de
1156 2214 1293 2271 senatus

98 2318 258 2384 consultis
284 2318 397 2405 pridie
425 2319 458 2383 lr.
486 2319 558 2384 Oct.
586 2318 688 2384 factis
714 2320 835 2404 agitur,
869 2343 950 2386 nam
976 2328 1077 2387 antea
1104 2322 1223 2388 Cicero
1250 2323 1292 2388 ad

101 2435 249 2500 Atticum
273 2435 456 2521 scripserat
478 2434 509 2498 V
532 2435 580 2519 18,
607 2436 627 2497 3
649 2441 682 2500 si
706 2441 828 2524 r'ataqra
850 2452 955 2502 nostra
977 2465 1073 2504 caasa
1099 2443 1143 2504 ad
1167 2443 1196 2505 lc.
1220 2443 1293 2506 Jan.

103 2558 251 2637 rrrcmerr't,
274 2567 308 2618 at
329 2553 446 2617 Romae
468 2556 514 2616 ms
536 2576 635 2616 measa
651 2553 817 2616 Jaraarr‘o.
860 2552 981 2636 Itaque
1003 2557 1022 2634 ἓ
1042 2556 1071 2638 8,
1094 2577 1160 2639 qua
1174 2557 1294 2621 Cicero

98 2669 200 2735 Attici
213 2691 251 2733 se
264 2667 436 2754 accepisse
447 2667 579 2733 litteras
591 2674 715 2752 narrat,
727 2689 796 2732 non
807 2674 921 2753 potest
936 2669 1067 2754 aliquot
1082 2670 1202 2737 diebus
1216 2679 1301 2758 post

93 2785 348 2872 paragraphum
370 2784 551 2870 septimam
573 2793 712 2848 exarata
735 2807 818 2868 esse,
834 2783 894 2850 sed
916 2808 983 2850 uno
1005 2793 1124 2852 tenore
1146 2789 1294 2873 epistula

96 2903 221 2989 scripta
244 2908 307 2966 est.
341 2901 393 2965 De
416 2901 663 2966 sententiarum
684 2925 775 2966 nexu
795 2925 874 2967 mox
896 2903 1096 2987 viderimus;
1120 2904 1181 2969 sed
1201 2913 1294 2970 recte

99 3021 231 3092 videtur
254 3017 428 3083 Gruberus
451 3018 640 3102 suspicatus
668 3039 741 3082 esse
763 3041 942 3084 numerum
962 3019 1140 3105 lippientis
1161 3021 1294 3086 librarii

97 3137 191 3222 culpa
208 3140 408 3219 corruptum
424 3156 497 3198 esse
513 3139 548 3196 et
562 3133 761 3198 Ciceronem
772 3133 884 3199 Attici
899 3135 1080 3220 epistulam
1094 3158 1164 3201 non
1175 3136 1247 3201 ad.
1261 3137 1293 3202 V

95 3253 123 3318 k.
146 3253 238 3336 Ian,
267 3251 328 3316 sed
350 3273 377 3316 a.
401 3251 432 3316 d.
455 3250 506 3316 IV
532 3251 565 3314 k.
587 3251 666 3314 Jan.
696 3250 876 3336 accepisse.
919 3251 1009 3316 Nam
1036 3251 1126 3335 quod
1147 3252 1293 3338 legimus

95 3375 112 3450 ξ
130 3371 151 3434 5
172 3373 339 3456 mancipia
359 3372 505 3434 venibant
518 3369 738 3434 Saturnalibus
757 3372 858 3434 terties
881 3395 948 3434 cam
970 3371 1044 3433 daec
1065 3373 1237 3434 scribebam
1259 3375 1293 3434 m

92 3489 252 3553 tribunali
271 3511 321 3550 res
343 3501 409 3550 erat
430 3488 474 3550 ad
488 3487 544 3550 HS
559 3486 652 3550 CXX
669 3507 730 3570 per
751 3491 804 3550 tot
819 3484 895 3572 ,dies
918 3508 1024 3570 usque
1047 3486 1091 3550 ad
1104 3462 1141 3550 a.
1165 3486 1196 3552 d.
1213 3487 1244 3550 V
1258 3486 1291 3552 k.

93 3605 171 3668 Jan.
200 3602 374 3687 mancipia
401 3603 463 3667 sub
485 3602 583 3668 hasta
605 3603 750 3687 venisse,
778 3603 942 3670 credibile
963 3626 1032 3669 non
1064 3610 1125 3669 est.
1169 3603 1293 3668 Utrum

97 3729 209 3786 autern
221 3718 536 3804 interpungendum
548 3718 593 3783 sit
604 3725 765 3807 maacrpia
780 3725 932 3786 venibam.
956 3723 1176 3786 Satrrraah‘bas
1190 3725 1293 3786 tertiis
1337 3805 1339 3810 Ι

100 3865 162 3902 «eum
182 3841 260 3903 lzaec
281 3839 452 3901 scribebam
474 3857 518 3900 an
540 3835 711 3921 mancipia
729 3841 875 3902 venibant
891 3839 955 3903 Sat.
979 3842 1090 3903 tertiis.
1124 3837 1199 3901 Oam
1218 3841 1292 3902 hyaec

95 3959 268 4020 scribebam
290 3959 352 4017 cet.
375 3952 413 4016 in
435 3951 538 4016 dubio
559 3951 724 4034 relinquo,
762 3952 849 4016 Cum
859 3952 1127 4036 Wesenbergius
1149 3953 1186 4016 in
1209 3953 1292 4018 duas

93 4079 210 4156 partes
225 4070 314 4134 hanc
334 4069 515 4154 epistulam
531 4067 720 4153 discerpsit,
736 4075 810 4134 turn
826 4069 1026 4135 Schuetzius
1041 4071 1293 4156 paragraphum

95 4187 277 4273 septimam
304 4185 342 4249 in
368 4185 518 4249 clausula
545 4185 710 4270 epistulae
737 4194 814 4271 post
844 4186 1095 4271 paragraphum
1125 4187 1293 4255 decimam

96 4304 222 4389 posuit;
247 4303 355 4368 oratio
377 4325 458 4366 sane
481 4301 650 4367 desultare
667 4301 804 4367 videtur
826 4310 861 4367 et
883 4303 1073 4368 sententiae
1088 4303 1222 4386 vagari;
1245 4304 1293 4384 sic

100 4431 210 4486 autem
233 4418 425 4484 cohaerent.
462 4419 580 4483 Cicero
603 4426 638 4483 et
653 4418 694 4482 de
716 4419 817 4484 rebus
839 4420 946 4503 gestis
962 4423 981 4500 ξ
998 4419 1079 4484 1-6
1094 4427 1129 4484 et
1150 4419 1192 4484 de
1216 4442 1293 4484 con-
