3262 4926
667 196 709 260 47

75 377 225 444 videtur
239 377 407 443 habuisse.
440 377 543 444 Anno
559 385 673 444 autem
689 380 750 444 703
772 402 833 465 per
848 379 1098 466 Cappadociam
1121 384 1156 444 et
1170 378 1288 443 Tauri-

74 497 187 582 pylas
203 494 323 560 Cicero
338 495 376 559 in
391 495 549 560 Ciliciam
563 495 736 582 profectus
759 503 812 562 est
833 495 888 578 (ad
903 496 976 561 Att.
989 496 1021 560 V
1032 497 1103 578 20);
1126 518 1215 561 anno
1228 497 1290 560 704

76 635 166 678 cum
188 612 226 677 in
248 611 369 677 Asiam
391 612 666 697 concederet,.in
688 613 864 698 Lycaonia
886 613 996 679 Iconii
1017 611 1127 678 Attici
1155 612 1288 676 litteras

76 729 235 816 accepit;
258 729 296 793 in
318 728 475 794 Ciliciam
496 751 597 816 porro
620 752 697 795 cum
724 730 855 795 rediret
876 731 1049 817 Apameae
1073 728 1220 795 Gavium
1242 729 1290 794 of·

82 845 203 911 fendit
225 843 282 925 (ad
304 844 376 910 Att.
400 845 450 909 VI
472 846 515 926 3).
560 845 652 923 Quid
674 845 803 930 igitur?
835 846 912 911 Non
933 846 1001 912 alio
1023 845 1147 911 itInere
1170 845 1290 911 Cicero

80 963 254 1047 Cibyram
281 960 418 1026 videtur
446 963 582 1026 venisse
609 961 677 1026 nisi
705 985 782 1027 cum
809 984 829 1026 a
854 961 977 1028 Rhodo
999 961 1205 1028 Laodiceam
1233 962 1290 1028 via

85 1078 247 1145 terrestri
268 1078 557 1164 proficiscebatur.
590 1078 681 1144 Illud
703 1085 817 1144 autem
838 1079 897 1143 vix
918 1079 1038 1163 negari
1059 1086 1180 1165 potest,
1196 1079 1290 1145 Cice-

85 1218 210 1262 ronem
232 1194 422 1260 Laodiceae
453 1202 488 1260 et
508 1196 682 1282 Apameae
709 1195 828 1279 fuisse3
859 1218 939 1261 nam
967 1195 1004 1260 in
1030 1218 1081 1282 ep.
1105 1195 1149 1260 ad
1169 1195 1291 1261 Mesci-

87 1314 189 1379 nium
209 1312 341 1378 Rufum
363 1312 448 1377 haec
470 1321 550 1378 sunt
564 1313 596 1378 V
610 1314 661 1397 20,
681 1314 701 1378 2
724 1317 807 1401 quod
827 1319 926 1407 r'pz'tar
937 1315 1090 1398 fecissem
1114 1315 1158 1378 cd
1177 1317 1290 1396 urbam,

88 1437 125 1497 si
148 1432 331 1496 cousuetudo
345 1435 493 1519 prastino
514 1447 657 1514 tacuerat,
682 1434 719 1497 id
739 1437 884 1518 parociam
915 1435 978 1521 laqe
1001 1434 1091 1497 ‘lulio
1118 1434 1292 1517 relinquere

95 1551 234 1612 relicuos
254 1551 288 1612 io
303 1551 476 1634 provincio
497 1574 617 1614 neccsse
639 1564 716 1631 erat,
745 1551 867 1614 easdam
896 1550 1022 1614 totidem
1044 1551 1147 1613 verbis
1173 1547 1293 1634 referre

96 1665 141 1728 od
158 1668 324 1746 aerarium,
337 1665 415 1747 feci
434 1668 468 1728 io
483 1669 655 1751 provincio
670 1715 677 1728 .
694 1715 725 1729 ..
750 1666 838 1730 Illud
858 1667 982 1751 quidem
1005 1680 1083 1730 certe
1096 1666 1291 1748 factumest,
1318 1669 1323 1680 ’

99 1781 178 1866 qaod
201 1783 252 1844 lec
279 1783 410 1862 iubebat,
441 1795 474 1844 ut
500 1782 599 1868 apud,
615 1783 694 1846 daco
720 1785 870 1864 caetratos,
899 1783 1122 1846 Laodz'ccosem
1152 1793 1182 1846 et
1206 1785 1293 1870 Apo-

96 1923 249 1979 mecoscor,
278 1922 355 1982 quoe
384 1899 474 1962 cobis
505 1899 660 1961 irracimoc
693 1899 885 1978 videbantur,
916 1901 1062 1982 quoniam
1089 1902 1140 1962 -ito
1173 1923 1293 1963 neeesse
1368 1906 1370 1910 ⁴

91 2030 164 2112 erat,
188 2018 327 2079 rationes
349 2013 505 2099 confectos
532 2017 671 2079 conlatas
697 2014 925 2100 deportaremus.
970 2012 1184 2098 Quamquam
1206 2013 1291 2078 haec

89 2130 241 2217 epistula
265 2129 309 2194 ad
331 2152 371 2194 eo
393 2128 536 2194 obscura
557 2135 617 2212 est,
639 2136 679 2194 ut
693 2129 1025 2219 Mamm-Lagunaa
1049 2153 1118 2196 una
1141 2130 1293 2196 omnium

88 2246 299 2312 difficillima
320 2245 395 2311 visa
422 2246 475 2330 sit,
503 2253 659 2311 tamena
682 2246 703 2311 l.
727 2269 752 2312 s.
776 2269 801 2311 s.
824 2253 965 2333 apparet
985 2246 1186 2313 Ciceronem
1207 2245 1294 2311 Lao·

88 2363 228 2430 -dioeam
250 2369 286 2440 et
307 2362 498 2449 Apameam
519 2362 663 2428 venisse.

195 2479 328 2546 Ultima
355 2501 397 2544 ex
418 2478 514 2543 Asia.
530 2501 581 2565 ep.
610 2479 690 2544 data
712 2487 764 2546 est
786 2479 830 2544 ad
851 2480 924 2545 Att.
947 2480 998 2545 VI
1018 2482 1041 2545 8
1062 2481 1094 2546 k.
1118 2480 1200 2564 Oct,
1230 2503 1294 2566 quo

86 2596 151 2662 die
175 2596 294 2662 Cicero
315 2595 446 2682 Ephesi
467 2619 592 2661 navem
619 2597 826 2662 conscendit.
871 2596 988 2663 Pridie
1011 2597 1057 2663 id.
1081 2596 1153 2663 Oct.
1177 2597 1295 2664 Cicero

91 2713 253 2778 Athenas
274 2712 371 2777 venit
393 2712 450 2794 (ad
471 2712 543 2778 Att.
565 2712 617 2778 VI
638 2714 658 2778 9
680 2712 724 2778 ad
745 2712 825 2778 fam.
847 2713 936 2778 XIV
957 2714 1004 2796 5).
1046 2713 1096 2780 Id.
1120 2713 1193 2780 Oct.
1216 2714 1297 2780 data

34 2881 36 2884 -
86 2837 149 2896 est
173 2851 226 2915 ep.
249 2828 291 2893 ad
312 2828 386 2894 Att.
409 2828 460 2892 VI
481 2829 510 2894 9.
554 2828 705 2893 Tametsi
728 2827 763 2892 in
789 2828 854 2894 hac
881 2828 1027 2915 epistula
1053 2828 1218 2895 scribitur
1243 2856 1296 2919 epo

95 2948 277 3012 tabellarios
295 2961 419 3034 postero
442 2949 493 3012 die
516 2947 560 3010 ad
578 2971 632 3011 cos
654 2972 739 3011 arom
760 2951 924 3028 missuras,
940 2944 1083 3011 dubium
1104 2952 1222 3011 tamen
1236 2953 1296 3031 est,

94 3063 222 3128 datane
251 3062 296 3126 sit
323 3058 367 3127 ad
388 3062 461 3126 Att
484 3062 594 3126 VIII
622 3084 650 3127 a.
679 3061 710 3128 d.
737 3043 845 3127 XVII
871 3061 904 3128 k.
917 3063 1022 3144 Nou,
1056 3084 1136 3127 nam
1167 3063 1298 3127 nullam

95 3181 202 3246 habet
223 3179 387 3266 temporis
410 3177 700 3264 significationem
714 3177 782 3244 nisi
799 3179 889 3264 quod
904 3183 923 3261 ξ
938 3181 959 3245 9
975 3203 1026 3266 ep.
1043 3179 1086 3245 ad
1102 3179 1298 3245 Terentiam

91 3304 383 3363 commemoratur
405 3298 460 3362 doc
474 3301 626 3385 primum,
651 3302 685 3362 io
707 3324 765 3384 quo
788 3302 919 3364 occessit
941 3324 1016 3364 curo
1032 3300 1137 3363 dolori
1151 3323 1225 3378 meo,
1244 3299 1300 3362 sed
1405 3287 1407 3290 ¹

91 3417 152 3480 Jroc
184 3431 286 3480 tameo
319 3415 477 3500 quidquid
506 3429 562 3496 est,
591 3416 779 3480 Precianum
813 3441 880 3480 curn
914 3419 957 3480 iis
993 3418 1185 3496 rationibus,
1221 3440 1298 3500 qreos

99 3534 152 3597 illc
174 3556 260 3596 meos
281 3546 403 3613 tractat,
433 3533 604 3597 odmzsoert'
628 3534 707 3598 uolo.
744 3533 873 3620 Scripsi
896 3533 940 3597 od
968 3534 1154 3614 Terentiam,
1181 3537 1302 3619 scripsi

94 3653 193 3714 otram
214 3649 460 3735 adspiramina
492 3650 650 3735 quidquid
673 3674 801 3736 possem
832 3675 1024 3716 carnotorum
1046 3650 1090 3714 od
1111 3665 1300 3736 oppos-otum

98 3769 224 3854 sperati
260 3766 416 3852 triumphi
446 3766 490 3829 od
520 3779 547 3829 te
576 3767 772 3831 redactorum
800 3791 873 3830 esse.
917 3764 1044 3849 Agitur
1077 3764 1135 3846 de
1154 3764 1300 3853 epistula

96 3880 140 3946 ad
173 3880 255 3946 fam.
289 3881 377 3946 XIV
398 3882 434 3962 53
469 3903 555 3965 quae
587 3881 750 3968 temporis
783 3888 900 3946 notam
934 3904 962 3947 a.
996 3881 1027 3946 d.
1051 3882 1121 3946 XV
1152 3881 1184 3947 k.
1213 3883 1299 3947 Nov.

97 3997 213 4082 habet,
242 4005 294 4062 est
326 3997 418 4062 enim
452 3997 489 4061 in
517 4019 557 4062 ea
585 3996 628 4061 de
660 3996 850 4063 hereditate
873 3998 1054 4081 Preciana;
1089 3997 1300 4083 antiquiores

92 4122 214 4180 autem
236 4111 384 4178 Athenis
412 4112 545 4178 litteras
572 4134 642 4177 non
669 4112 765 4178 datas
795 4135 868 4179 esse
896 4113 1006 4201 prima
1033 4114 1139 4180 verba
1168 4114 1300 4180 docent.

97 4231 220 4315 Itaque
256 4252 326 4297 non
362 4229 479 4314 liquet,
514 4236 631 4294 ¹utrum
672 4229 709 4294 in
745 4250 796 4315 ep.
830 4229 874 4295 ad
907 4230 1105 4296 Terentiam
1141 4252 1301 4295 numerus

98 4354 278 4434 corruptus
315 4345 369 4430 sit,
406 4357 463 4410 an*
487 4369 537 4434 ep.
575 4345 618 4410 ad
648 4346 720 4412 Att.
757 4368 826 4411 non
859 4347 966 4414 XVII
1000 4347 1043 4432 lc,
1081 4347 1140 4413 sed
1171 4347 1240 4410 XV
1268 4345 1301 4410 k.

95 4465 228 4550 scripta
249 4463 304 4528 sit.
567 4450 570 4456 ¹
