3262 4926
876 206 918 270 52

299 391 446 477 epistula
473 390 574 455 huius
605 389 656 454 rei
689 389 902 454 mentionem
933 389 1048 454 infert.
1091 389 1202 453 Immo
1225 389 1312 454 VIII
1337 391 1363 471 1,
1385 389 1405 453 2
1431 396 1504 454 tar·

299 508 443 573 (litatem
464 506 619 572 Marcelli
647 505 757 592 carpit
785 523 950 593 praeterea
978 509 1155 588 Marcellus,
1183 509 1266 593 quod
1289 509 1390 572 adduc
1417 509 1503 572 uilzil

300 629 440 690 rettulit.
458 676 465 690 .
483 675 489 688 .
505 650 672 710 suaequara
688 649 738 688 eos
759 649 913 688 ser-moues
935 628 1098 710 adpressit,
1116 625 1223 708 quide
1238 649 1272 688 eo
1287 639 1350 688 tura
1362 625 1505 707 fueraut

300 769 367 807 eum
389 744 507 808 Romae
528 767 585 807 aas
606 767 747 831 essemus.
781 740 869 804 VHI
891 740 920 823 2,
942 740 962 803 2
987 746 1101 804 autom
1123 739 1389 825 temperantiam
1410 741 1504 806 Mar·

301 858 380 923 celli
411 856 529 922 laudat
562 859 711 923 Marcelli
735 861 866 944 impetus
898 857 1085 939 resederunt,
1117 849 1178 922 riou
1213 861 1338 940 suartio,
1368 860 1432 940 sed,
1468 873 1503 922 ut

300 978 382 1041 milei
401 978 571 1058 videbatur,
595 978 735 1040 coasilio.
774 973 865 1054 Quid
887 975 993 1058 ergo?
1026 972 1145 1037 Testes
1167 973 1266 1037 nobis
1289 981 1369 1038 sunt
1391 974 1502 1039 Caelii
1614 957 1616 968 Α

302 1091 481 1178 epistulae,
515 1114 585 1156 non
616 1112 777 1174 magnam
808 1090 881 1155 vim
912 1090 1073 1155 tribuisse
1107 1089 1289 1174 optimates
1321 1090 1503 1156 acerbitati

302 1208 466 1274 Marcelli.
499 1207 710 1293 Posteriores
725 1229 806 1272 vero
826 1214 979 1272 auctores
995 1207 1090 1272 velut
1104 1206 1309 1270 Plutarchus
1324 1213 1359 1270 et
1373 1207 1506 1292 Appia-

302 1347 366 1389 nus
389 1325 454 1408 vel,
478 1347 520 1388 ex
547 1346 612 1408 quo
639 1323 834 1408 hauserunt,
856 1323 998 1388 Asinius
1020 1323 1132 1389 Pollio
1157 1323 1233 1406 rati,
1260 1323 1350 1386 nihil
1376 1323 1504 1410 impru-

304 1440 440 1506 dentius
463 1440 520 1524 agi
541 1440 692 1525 potuisse
707 1462 727 1504 a
742 1439 915 1524 Marcello,
939 1462 1016 1505 oum
1031 1440 1185 1505 Caesaris
1207 1440 1311 1504 robur
1333 1439 1504 1526 imprimis

266 1557 269 1564 '
302 1558 473 1623 niteretur
482 1556 802 1643 Transpadanorum
816 1556 884 1621 fide
900 1579 939 1621 ac
953 1557 1202 1639 benevolentia,
1214 1558 1330 1640 virgas
1343 1558 1506 1622 Comensi

304 1675 492 1739 intentatas
512 1695 586 1738 esse
607 1672 796 1756 diligenter
810 1673 1003 1738 narrabant.
1037 1674 1197 1738 Comensi
1212 1681 1327 1738 autem
1342 1673 1506 1738 iniuriam

305 1813 374 1855 non
399 1797 518 1877 postea
546 1791 674 1855 factam
701 1812 773 1855 esse
807 1812 908 1874 quam
941 1790 1068 1876 scripta
1101 1791 1146 1856 sit
1168 1791 1277 1855 Caelii
1299 1813 1351 1877 ep.
1374 1791 1508 1856 VIM

304 1907 385 1971 inde
412 1906 626 1992 perspicitur,
655 1904 746 1990 quod
771 1906 835 1970 hac
863 1906 1009 1991 epistula
1031 1906 1225 1971 Messallam
1247 1907 1441 1972 absolutum
1471 1911 1514 1972 et‘

305 2022 530 2088 Hortensium
552 2021 730 2107 explosum
745 2043 819 2086 esse
833 2028 999 2105 narratur,
1015 2021 1057 2086 de
1074 2044 1139 2106 quo
1161 2022 1288 2087 iudicio
1304 2024 1507 2089 Ciceronem
1618 2059 1619 2114 g

306 2162 376 2205 non
397 2139 554 2223 Athenis,
582 2138 643 2203 sed
669 2137 777 2224 Gyari
803 2139 982 2204 certiorem
1013 2138 1143 2204 fautum
1176 2162 1249 2204 esse
1281 2140 1429 2223 legimus
1463 2140 1507 2205 ad

305 2255 380 2322 Att.
403 2256 435 2321 V
458 2256 505 2338 12,
528 2256 557 2320 2.
602 2254 717 2340 Atque
750 2254 780 2318 si
812 2254 978 2319 iudicium
1011 2254 1054 2320 de
1083 2256 1243 2321 Messalla
1274 2256 1343 2320 iam
1376 2255 1510 2322 factum

307 2380 406 2456 esset,
432 2372 570 2437 Atticus
603 2371 724 2436 iudicii
756 2370 967 2436 mentionem
998 2371 1137 2437 fecisset
1165 2372 1202 2436 in
1235 2373 1278 2436 iis
1310 2373 1437 2439 litteris
1464 2374 1509 2439 ad

308 2512 391 2574 quas
405 2489 524 2554 Cicero
547 2487 589 2553 de
605 2489 765 2554 Comensi
780 2488 928 2555 Athenis
950 2489 1119 2572 rescribit;
1143 2498 1244 2554 antea
1263 2491 1369 2574 igitur
1384 2491 1513 2556 Trans·
1619 2481 1620 2494 ¹

259 2687 261 2690 Ι
307 2606 461 2694 padanus
482 2606 591 2691 virgis
614 2606 769 2670 concisus
791 2613 853 2671 est.

408 2723 574 2788 Videmus
604 2746 646 2789 ex
674 2723 783 2789 Caelii
809 2724 918 2789 altera
945 2723 1099 2809 epistula,
1126 2725 1323 2789 Messallam
1350 2725 1393 2789 ab
1420 2725 1515 2790 Hor—

308 2840 419 2904 tensio
441 2840 582 2904 ineunte
605 2862 633 2904 a.
658 2841 718 2905 703
745 2839 924 2904 defensum
952 2862 1034 2925 esse,
1057 2841 1185 2906 Brutus
1213 2849 1328 2906 autem
1355 2841 1440 2906 haec
1462 2841 1516 2906 lo-

311 2955 426 3039 quitur
440 2956 477 3020 in
489 2957 598 3022 Bruto
611 2961 630 3037 ξ
641 2957 705 3021 328
716 2959 918 3022 Hortensium
932 2984 1076 3046 mapuuru
1091 2975 1242 3023 oratorem
1259 2985 1379 3047 semper
1398 2966 1516 3045 putavi

309 3077 504 3158 mauirueque
518 3077 660 3160 probaui
671 3099 737 3160 pro
759 3075 910 3138 Messalla
933 3075 1084 3138 dicentem
1107 3099 1174 3138 cum
1196 3091 1228 3139 tu
1250 3077 1393 3158 alrjuisti.
1428 3076 1515 3141 Per·

235 3236 238 3241 ·
310 3210 428 3274 peram
460 3188 567 3272 igitur
598 3189 819 3253 Drumannus
851 3188 902 3253 IV
933 3189 976 3252 20
1011 3189 1190 3254 contendit
1220 3191 1366 3255 Brutum
1398 3191 1515 3258 videri

312 3305 414 3370 simul
435 3328 512 3370 cum
526 3304 641 3391 Appio
657 3305 799 3370 Claudio
815 3305 962 3370 Romam
976 3305 1115 3390 redisse,
1131 3307 1264 3393 Appius
1281 3307 1373 3372 enim
1393 3330 1516 3373 mense

308 3421 507 3510 ¹Septembri
538 3421 576 3486 in
599 3421 686 3486 Asia
718 3428 791 3487 erat
824 3421 881 3503 (ad
903 3421 982 3487 fam.
1005 3423 1061 3488 III
1084 3424 1111 3507 7,
1133 3424 1154 3487 4
1176 3425 1206 3508 8,
1230 3426 1270 3504 l).
1314 3426 1515 3490 Messallam

311 3539 518 3604 Hortensius
551 3560 668 3603 mense
691 3537 797 3602 Junio
819 3536 986 3603 defendit.
1028 3539 1213 3604 Praeterea
1239 3540 1359 3606 Cicero
1394 3564 1517 3607 mense

313 3655 438 3722 Sextili
459 3655 579 3720 scribit
601 3654 646 3719 ad
660 3654 732 3719 Att.
745 3654 777 3719 V
793 3655 841 3739 17,
858 3655 878 3720 6
899 3657 956 3721 sed
974 3658 1030 3722 doc
1049 3659 1150 3722 Bruto
1172 3672 1275 3723 uestro
1297 3662 1391 3723 uelim
1413 3662 1520 3742 dicae„

314 3776 403 3839 illum
425 3771 510 3854 (scil.
533 3771 697 3858 Appium)
720 3772 842 3856 fecisse
875 3797 937 3837 nou
969 3776 1053 3856 belle,
1087 3779 1145 3859 qui
1170 3777 1302 3840 adveatu
1328 3801 1393 3840 meo
1421 3802 1516 3861 quam

314 3893 494 3978 loupissime
506 3893 654 3976 potuerit,
667 3892 856 3955 discesserit.
879 3887 980 3953 Adde
992 3888 1083 3974 quod
1097 3897 1254 3954 narratur
1265 3890 1308 3955 ad
1319 3891 1446 3957 Att.VI
1459 3892 1523 3976 l,3

313 4006 461 4072 Brutum
482 4004 641 4070 Ciceroni
663 4004 903 4070 mandatorum
924 4004 1082 4070 libellum
1104 4005 1248 4071 dedisse.
1289 4008 1411 4092 Itaque
1434 4031 1519 4074 casu

314 4121 363 4207 fit,
392 4130 429 4188 ut
450 4122 551 4188 Bruti
579 4122 718 4208 litterae
750 4144 820 4187 non
846 4129 926 4187 ante
959 4144 1088 4187 annum
1113 4122 1175 4187 704
1206 4133 1525 4190 commemorentur

316 4238 855 4306 adram.1117adAu.V12
889 4239 939 4304 VI
960 4240 989 4324 3,
1013 4240 1043 4305 7.

415 4355 504 4420 VIII
529 4356 551 4420 4
576 4355 608 4420 k.
643 4354 831 4420 Sextilibus
864 4377 895 4421 v.
934 4359 953 4437 ξ
985 4357 1006 4420 3
1042 4362 1076 4421 et
1114 4357 1300 4422 clausulam
1336 4358 1524 4445 epistulae.

315 4473 405 4538 VIII
426 4474 447 4537 ὃ
468 4479 546 4559 post
566 4473 644 4537 idus
667 4470 759 4537 Sext.
781 4471 920 4536 missam
947 4494 1021 4538 esse
1046 4473 1157 4559 primo
1185 4474 1297 4560 eapite
1323 4475 1525 4562 expositum
