3262 4926
758 195 794 264 ll

278 385 365 448 Erat
398 380 522 467 Apella
550 380 595 444 M.
618 379 721 444 Fadii
754 378 846 444 Galli
878 378 1022 443 libertus
1055 379 1114 443 ille
1144 379 1291 464 quidem,
1319 378 1380 444 sed

176 509 296 566 tamen
316 499 417 564 homo
448 519 519 563 non
549 518 675 583 parvae
709 495 930 560 auctoritatis
958 495 999 560 V.
1022 495 1066 561 ad
1089 497 1227 562 Gallum
1247 496 1317 562 VH
1338 496 1381 560 25

177 634 294 684 secreto
315 619 370 683 loc
391 618 477 698 cadi,
511 630 607 681 tecam
640 617 756 696 habeto,
787 639 824 678 rie
846 615 979 701 Apellae
1012 616 1146 700 paidom,
1176 617 1285 680 liberto
1319 629 1378 696 tuo,

181 718 313 801 ἀίυεενίε.ἱ
355 734 400 798 M.
423 739 539 797 autem
561 730 689 795 Fadius
713 751 790 794 cum
812 735 913 794 antea
936 729 1027 815 apud
1043 730 1198 795 Cassium
1220 731 1257 795 in
1279 729 1381 814 Syria

180 841 316 915 videtur
343 848 449 914 fuisse
474 848 531 931 (ad
553 847 632 912 fam.
655 847 724 912 XV
747 847 808 930 14),
839 853 913 910 tum
944 868 973 910 a.
1007 846 1069 911 704
1104 846 1148 911 ad
1180 848 1380 912 Ciceronem

99 1049 100 1052 Ἴ
178 965 383 1032 Laodiceam
404 965 503 1031 venit
532 963 591 1047 (ad
612 963 692 1028 fam.
715 963 770 1026 IX
792 962 842 1045 25,
864 963 910 1044 3).
954 962 1049 1027 Fieri
1070 963 1178 1047 igitur
1198 970 1319 1049 potest,
1341 971 1381 1029 ut

177 1083 320 1170 Apellae
347 1081 547 1148 tabellarius
570 1079 728 1146 Ciceroni
750 1079 860 1145 Attici
887 1079 1020 1144 litteras
1053 1079 1255 1164 reddiderit;
1294 1103 1378 1165 quae

176 1198 316 1284 quidem
339 1197 543 1281 emendatio,
576 1197 607 1262 si
641 1218 711 1261 non
748 1205 840 1261 certa
872 1203 908 1260 at
936 1203 974 1261 ut
1002 1197 1112 1262 lenior
1131 1198 1154 1279 ¹)
1187 1197 1236 1262 ita
1268 1197 1380 1284 aptior

175 1315 316 1380 videtur
339 1336 421 1398 esse,
444 1335 552 1398 neque
576 1312 669 1378 enim
690 1334 752 1376 nos
775 1312 902 1377 conicit
934 1311 972 1375 in
994 1311 1215 1378 difficultates
1238 1312 1379 1378 chrono-

177 1432 319 1516 logicae.

562 2190 878 2298 CAPUT
934 2193 996 2296 ll.

737 2430 764 2507 ξ.
790 2428 817 2492 1.

97 2595 102 2605 ’
197 2585 198 2588 ’
281 2576 374 2640 Haec
395 2574 549 2662 praefati,
573 2598 639 2660 quo
660 2575 795 2641 facilius
817 2576 1068 2662 perspiceretur
1090 2599 1212 2663 operae
1228 2578 1377 2663 pretium

128 2675 129 2679 Ἰ
181 2713 254 2766 esse
290 2691 332 2757 de
371 2700 564 2779 temporum
610 2692 729 2773 ordine
778 2692 1041 2778 haudquaquam
1091 2694 1172 2759 satis
1210 2694 1378 2780 explicato

178 2807 352 2894 disserere,
376 2809 537 2893 quoniam
558 2809 767 2876 uberrimam
789 2810 969 2875 materiam
991 2810 1254 2876 subministrant
1276 2811 1377 2876 huius

179 2925 262 2989 anni
284 2926 383 3007 703l4
405 2925 580 3013 epistulae,
604 2925 647 2991 de
669 2925 733 2991 hoc
755 2925 972 3012 potissimum
994 2948 1093 3009 cunc,
1116 2927 1145 2990 si
1166 2928 1288 3014 placet,
1311 2927 1379 2992 dis-

178 3048 347 3128 putemus.
1205 3113 1208 3120 .

278 3159 377 3224 Nihil
398 3158 471 3225 fere
492 3160 682 3225 attulemmt
702 3160 746 3225 ad
768 3160 856 3225 hanc
879 3160 1112 3244 quaestionem
1141 3160 1199 3245 qui
1221 3160 1263 3224 de
1286 3160 1380 3225 Cice-

179 3275 272 3339 ronis
293 3276 535 3362 proconsulatu
556 3275 735 3342 Ciliciensi
756 3277 973 3364 scripserunt,
997 3279 1027 3342 J.
1045 3279 1077 3343 C.
1101 3280 1139 3342 Ε.
1163 3278 1380 3365 Oppcarz'edcr

181 3389 241 3472 (de
277 3391 441 3457 Cicerone
477 3393 679 3480 proconsule
716 3393 866 3459 Ciliciae.
908 3394 1085 3477 Augustae
1121 3393 1380 3458 Vindelicorum

180 3507 271 3572 1853.
304 3508 355 3591 4.)‚
390 3511 423 3575 C.
449 3512 595 3598 Hartaap
629 3509 685 3592 (de
717 3510 959 3597 proconsulatu
995 3509 1169 3574 Ciceronis
1203 3509 1380 3576 Ciliciensi

178 3622 399 3708 Wirceburgi
436 3626 527 3691 1868.
561 3627 618 3711 8.),
661 3627 699 3692 G.
736 3627 895 3715 d'Hapucs
929 3628 999 3708 (carre
1027 3631 1181 3714 province
1217 3629 1379 3694 Romame.

177 3715 321 3805 sarisas
344 3741 435 3806 rare.
458 3742 502 3822 a.)

278 3857 368 3922 Nam
390 3859 642 3946 Oppecriederas
663 3880 867 3944 quamquam
880 3866 1034 3952 ‘venuste
1055 3882 1109 3925 res
1131 3868 1247 3926 narrat
1261 3861 1380 3927 multis

179 3974 292 4039 allatis
314 3983 492 4060 poetarum
527 3976 620 4061 locis,
653 3979 852 4064 Hartuapz'cs
875 3998 1079 4062 quamquam
1112 3979 1196 4042 scite
1229 3978 1302 4062 agit
1337 3979 1380 4044 de

178 4091 281 4156 rebus
304 4092 349 4157 ad
363 4092 416 4157 ius
431 4092 607 4180 publicum
622 4093 884 4181 pertinentibus,
907 4095 1003 4160 velut
1019 4096 1061 4160 de
1077 4095 1189 4162 edicto
1205 4095 1380 4160 Ciceronis

179 4211 226 4294 (p.
248 4208 396 4294 34-41),
419 4211 590 4299 D'Hapues
622 4210 769 4296 denique
803 4233 1008 4296 quamquam
1028 4213 1092 4278 496
1112 4212 1249 4298 paginis
1271 4211 1380 4277 multa

282 4410 301 4475 ¹)
318 4407 418 4462 Etiam
441 4409 479 4464 ad
500 4409 571 4464 fam.
588 4409 647 4466 VII
665 4413 698 4464 25
720 4415 750 4465 et
771 4411 809 4465 ad
831 4411 893 4465 Att.
910 4411 973 4465 XII
992 4415 1031 4480 19,
1051 4417 1063 4466 1
1087 4412 1126 4466 M.
1147 4412 1238 4466 habet
1259 4411 1380 4485 cappellae

178 4491 339 4563 dupliciter
356 4492 453 4563 posita
468 4511 487 4566 p
504 4493 612 4547 littera.
968 4507 971 4512 ·
1068 4485 1074 4500 ⁸
