3262 4926
873 215 916 279 44

300 400 351 464 De
367 422 418 485 ep.
435 398 479 463 ad
491 398 563 463 Att.
576 399 626 464 VI
640 400 661 463 6
676 405 711 463 et
725 397 769 462 ad
784 398 874 463 Cael.
890 398 979 462 1115
994 397 1190 482 ambigitur.
1214 397 1270 461 Ad
1285 397 1349 463 Att
1370 398 1421 462 VI
1435 399 1469 482 6,
1483 399 1507 462 2

299 517 445 600 legimus
476 519 513 581 de
539 519 706 582 Hortensio
733 531 760 580 te
788 521 869 582 c'erto
901 520 966 580 seio
1000 516 1112 595 dolere,
1146 517 1286 600 equidem
1319 519 1507 596 emeramni-,-

301 636 459 698 dees-erant
482 637 561 698 enain
587 659 653 698 cenni·
671 658 704 697 eo
719 634 809 698 nolde
821 633 1041 716 familiariter
1056 635 1166 696 ninere.
1203 631 1267 716 Ep.
1283 629 1326 694 ad
1342 631 1505 695 Caelium

298 748 499 814 rescribitur
526 748 569 812 ad
598 749 693 814 Oceli
721 770 771 833 ep.
795 748 883 812 VIII
906 748 945 812 13
978 769 1063 830 quae
1096 747 1150 811 his
1181 747 1294 812 verbis
1328 746 1507 812 clauditur

300 869 334 944 t).
359 869 555 946 Hortensiae,
579 893 646 930 eenen
668 868 724 930 leus
747 869 867 930 litteras
888 870 1015 952 scripsi,
1038 870 1175 930 cainiani
1201 867 1319 952 ‹apeliat
1363 864 1437 928 Iam
1464 863 1510 929 in

300 983 473 1068 prooemio
496 983 539 1048 ad
561 983 707 1048 Brutum
730 1004 756 1046 c.
782 983 798 1045 1
827 982 946 1047 Cicero
979 980 1063 1045 haec
1095 987 1211 1044 narrat
1243 1007 1310 1045 nnn
1337 1006 1351 1044 e
1378 982 1505 1046 Cilicia.

300 1102 446 1165 decedere
469 1102 611 1165 Ithodinn
633 1105 782 1164 nenessena
805 1114 833 1163 et
855 1125 888 1164 eo
909 1101 991 1163 eniti
1011 1100 1048 1163 de
1068 1100 1102 1177 Q.
1120 1101 1286 1163 Hortensii
1302 1111 1397 1162 niente
1420 1115 1505 1163 esset

300 1215 437 1280 allatnn.
482 1216 568 1281 Inde
590 1215 728 1280 videtur
750 1215 879 1298 confici,
903 1215 946 1279 ad
967 1214 1039 1279 An.
1063 1214 1113 1278 VI
1134 1215 1155 1278 6
1177 1222 1212 1278 et
1234 1213 1278 1279 ad
1299 1214 1379 1280 fam.
1402 1215 1439 1278 II
1461 1217 1504 1280 15
1550 1215 1556 1225 '

297 1330 421 1397 Rhodo
437 1332 531 1396 datas
548 1353 629 1396 6666.
665 1331 733 1396 Sed
748 1331 959 1397 Tunstallius
973 1332 1011 1395 in
1027 1332 1174 1417 epistula
1188 1330 1232 1395 ad
1246 1330 1504 1396 Middletoncm

299 1469 330 1532 p.
346 1449 386 1511 to
410 1448 601 1533 suspicatur
615 1448 824 1533 Ciceronem,
840 1470 906 1532 quo
928 1449 1041 1534 aptius
1062 1448 1274 1535 prooemium
1290 1446 1333 1511 ad
1348 1447 1504 1513 Brutum

299 1569 403 1648 esset,
430 1563 547 1629 Rhodi
573 1587 609 1630 se
636 1563 678 1629 de
708 1565 886 1629 Hortensii
913 1572 1020 1630 morte
1048 1565 1227 1630 certiorem
1259 1564 1388 1629 factum
1422 1587 1503 1630 6666

299 1681 448 1746 finxisse.
486 1681 542 1745 Ab
564 1682 749 1762 Hortensio
771 1681 909 1766 quidem
932 1705 992 1747 cur
1013 1682 1132 1748 Cicero
1156 1703 1293 1746 exorsus
1316 1681 1369 1766 sit,
1391 1680 1503 1746 facile

298 1798 547 1881 intellegimus;
580 1821 659 1863 nam
693 1799 730 1863 in
762 1799 871 1863 Bruto
900 1798 1124 1864 Hortensmm
1158 1797 1253 1882 quasi
1287 1797 1323 1862 16
1353 1797 1502 1880 fastigio

299 1915 512 1999 eloquentiae
534 1915 640 2003 ponit.
684 1916 875 1998 Praeterea,
899 1915 989 1999 quod
1010 1915 1102 1980 haud
1124 1914 1193 1979 scio
1216 1937 1260 1979 an
1286 1919 1378 1978 recte
1408 1915 1501 1979 mihi

298 2031 335 2095 in
357 2031 552 2117 opinionem
578 2031 721 2115 venerit,
749 2037 900 2096 extremo
926 2031 1028 2096 tertio
1054 2030 1096 2094 (16
1123 2036 1256 2094 oratore
1283 2030 1383 2115 libro,
1412 2055 1503 2116 quas

298 2170 374 2233 spes
407 2148 534 2213 excitet
566 2148 779 2231 Hortensius
813 2148 1014 2231 declaratur,
1048 2147 1195 2211 Brutum
1228 2154 1342 2212 autem
1375 2148 1501 2214 Cicero

297 2271 455 2348 quartum
471 2264 512 2328 (16
529 2271 660 2329 oratore
672 2265 798 2330 librum
811 2264 929 2328 haberi
944 2263 1054 2328 voluit
1066 2265 1110 2344 (v.
1124 2262 1166 2326 (16
1180 2262 1393 2330 divinatione
1405 2265 1499 2348 111).

297 2379 462 2446 Attamen
484 2381 513 2445 si
535 2381 653 2446 Cicero
680 2380 836 2445 finxisset
861 2382 970 2446 Rhodi
993 2385 1190 2466 potissimam
1216 2384 1412 2446 nobilissimi
1436 2385 1501 2448 elo-

298 2503 440 2585 quentiae
466 2503 605 2584 enrporii
623 2520 658 2561 se
685 2497 845 2562 nuntium
870 2497 1050 2582 accepisse,
1080 2496 1218 2561 uberius
1247 2496 1423 2582 fusiusque
1453 2499 1500 2565 de

297 2615 420 2679 Rhodo
442 2615 554 2710 insula
573 2615 709 2698 egisset.
742 2613 902 2680 Rhodine
923 2635 1032 2678 sermo
1053 2613 1216 2679 habetur?
1239 2613 1382 2678 Minime
1402 2637 1499 2700 vero,

295 2753 375 2796 nam
401 2732 531 2796 Romae
565 2731 600 2796 iu
634 2738 734 2816 xysto
766 2731 868 2796 amici
900 2731 1086 2816 disputant.
1130 2732 1187 2795 An
1218 2731 1340 2796 recolit
1372 2731 1498 2799 Cicero

296 2848 434 2934 pristini
456 2839 619 2934 temporis
641 2849 859 2914 memoriam?
881 2847 979 2912 Nihil
1001 2847 1043 2911 de
1065 2848 1211 2932 Molone,
1239 2847 1328 2911 nihil
1355 2847 1398 2913 de
1421 2871 1499 2915 ora-

296 2965 383 3030 toria
409 2966 591 3052 disciplina
616 2964 765 3050 Rhodia,
793 2965 881 3030 nihil
913 2964 1059 3049 denique
1088 2965 1130 3029 de
1158 2965 1233 3050 ipsa
1258 2965 1371 3029 insula
1400 2969 1499 3032 omni

296 3083 439 3148 florente
466 3081 566 3147 laude
596 3081 701 3166 addit,
727 3104 838 3166 neque
861 3081 898 3146 in
919 3081 1092 3167 prooemio
1118 3103 1228 3165 neque
1257 3080 1379 3164 quibus
1408 3082 1498 3148 locis

296 3200 428 3265 insulae
450 3200 579 3264 mentio
601 3200 641 3264 fit
661 3202 711 3267 51.
728 3201 778 3265 79.
796 3201 864 3264 151.
881 3200 951 3264 312.
966 3199 1037 3263 316.
1071 3197 1120 3262 At
1133 3220 1214 3263 vero
1232 3220 1333 3282 quam
1348 3207 1497 3266 venuste

297 3314 415 3382 Cicero
443 3316 615 3401 describit,
645 3316 682 3381 in
714 3315 896 3402 prooemiis
929 3313 972 3379 ad
994 3314 1153 3397 quintum
1178 3314 1220 3379 (16
1242 3314 1368 3380 finibus
1391 3323 1426 3379 et
1450 3317 1496 3382 ad

296 3435 441 3499 alterum
462 3433 505 3498 de
527 3433 662 3518 legibus
688 3433 815 3498 librum
837 3454 939 3516 quam
960 3431 1182 3498 vehementer
1207 3431 1313 3496 animi
1339 3432 1494 3522 locorum

295 3533 477 3615 nobilitate
499 3557 709 3638 moveantur.

397 3666 490 3744 Quae
513 3689 590 3732 cum
616 3668 667 3732 ita
692 3667 772 3749 sint,
795 3667 977 3733 Tunstallii
1006 3669 1179 3734 sententia
1203 3668 1377 3734 reicienda
1405 3669 1493 3735 mihi

295 3785 432 3851 videtur
462 3807 544 3851 esse.
587 3785 702 3868 Atque
731 3785 951 3850 Drumannus
977 3785 999 3850 l.
1028 3809 1053 3849 6.
1082 3787 1294 3851 611118179
1325 3793 1424 3871 putat
1453 3787 1492 3853 in

182 3908 184 3912 ”
296 3904 455 3989 epistula¹
471 3904 515 3968 ad
546 3902 704 3966 Atticum
736 3901 947 3967 Ciceronem
968 3901 1009 3967 de
1044 3903 1162 3968 morbo
1194 3901 1370 3968 mortifero
1403 3903 1491 3968 Hor-

294 4020 398 4084 tensii
413 4019 569 4102 scribere,
585 4041 662 4083 cum
677 4019 863 4104 respiciant
878 4018 922 4083 ad
935 4019 1043 4084 Caelii
1059 4019 1225 4104 epistulae
1239 4019 1344 4084 verba
1360 4023 1490 4100 111161·-

296 4142 411 4202 tensiae
438 4143 574 4202 anienem
601 4139 718 4224 apebot.
764 4135 831 4212 Qui
858 4135 1007 4200 animam
1034 4141 1122 4219 agat,
1155 4134 1307 4200 nondum
1339 4135 1409 4202 fato
1432 4136 1490 4202 de·

295 4253 451 4317 functum
474 4275 546 4317 esse
570 4251 763 4317 confirmari
783 4257 897 4336 potest
917 4251 990 4316 loco
1013 4249 1159 4315 Liviana
1178 4251 1301 4316 XXVI
1324 4253 1364 4317 14
1385 4257 1490 4339 itaque

294 4363 412 4435 necteria
434 4386 525 4435 totane
545 4374 688 4456 plerique
710 4395 813 4435 eornni
836 4383 863 4433 et
884 4370 953 4433 diei
972 4371 1162 4452 insequentis
1180 4385 1304 4456 partone
1327 4396 1393 4434 enen
1421 4376 1489 4437 ani-

294 4511 376 4550 enenn
396 4491 536 4574 epissent,
553 4511 655 4552 omnies
670 4501 769 4550 taerren
777 4487 876 4570 prins
890 4508 981 4567 qnane
996 4486 1194 4568 aperirentur
1213 4487 1351 4549 hoste‘bns
1362 4502 1486 4572 portae,
