3262 4926
689 237 833 334 mv

100 423 284 510 explicare,
322 444 424 508 quam
457 428 644 488 conventus
667 428 749 506 quot
774 421 847 486 dies
881 420 999 504 egerit,
1030 422 1189 487 nuntiare
1214 423 1314 488 vide.

99 548 199 625 retur,
222 540 254 606 si
278 539 346 605 hac
362 538 509 626 epistula
531 559 566 603 se
589 537 742 604 triduum
757 537 929 624 Apameae
951 536 1057 602 fuisse
1076 537 1248 622 scriberet,
1264 539 1308 606 ad

100 659 172 723 Att.
190 657 224 722 V
251 657 297 722 16
331 654 572 741 quadriduum;
605 675 715 739 neque
749 653 842 720 enim
873 653 997 740 plures,
1031 675 1132 738 quam
1161 661 1244 740 quot
1270 655 1308 720 in

101 774 225 861 oppido
246 780 336 857 erat,
359 771 433 837 dies
453 777 641 838 conventus
662 789 765 854 agere
786 776 929 856 poterat.

201 890 296 968 Quid
318 890 450 974 igitur?
485 887 603 954 Fateri
625 887 733 954 debeo
755 887 842 954 mihi
863 887 1048 954 sescenties
1070 889 1222 954 versanti
1244 889 1307 956 hos.

109 1009 193 1074 locos
213 1031 287 1074 non
310 1005 498 1091 contigisse
529 1004 658 1071 nodum
690 1003 866 1092 expedire;
900 1004 1138 1090 nequeenim
1170 1004 1307 1072 numeri

109 1126 193 1192 inter
212 1148 248 1191 se
272 1123 452 1190 conciliari
467 1129 619 1209 possunt,
639 1143 750 1206 neque
762 1120 1032 1205 diiudicaverim,
1047 1128 1163 1188 utrum
1185 1121 1305 1189 Cicero

109 1242 303 1308 memoriola
325 1239 541 1306 vacillaverit
562 1261 607 1305 an
628 1239 762 1304 numeri
783 1260 803 1306 a
824 1236 975 1305 librariis
999 1238 1150 1325 corrupti
1170 1238 1250 1304 sint.

201 1361 256 1425 De
277 1357 436 1446 epistulis
457 1356 495 1422 in
516 1356 581 1422 hoc
602 1355 725 1422 itinere
747 1355 847 1422 datae
869 1362 950 1422 sunt
971 1353 1015 1420 ad
1039 1353 1114 1420 Att.
1135 1355 1167 1419 V
1183 1356 1231 1439 15,
1255 1356 1303 1441 16,

107 1474 449 1542 17.v15a.d.111
471 1495 548 1539 non.
564 1472 657 1540 Sext.
679 1495 712 1539 v,
734 1476 764 1554 ξ.
786 1473 807 1538 3
828 1473 867 1539 in
887 1472 1011 1540 itinere
1033 1471 1238 1538 aLaodicea
1259 1472 1304 1538 ad

113 1593 303 1679 Apameam.
332 1591 420 1657 Oum
443 1596 478 1654 et
498 1590 537 1655 in
558 1589 842 1678 epistulaV16,4
863 1597 898 1655 et
919 1590 957 1654 in
979 1589 1167 1676 ep.V17,1
1183 1589 1305 1660 Cicero

113 1730 151 1774 se
172 1705 309 1774 biduum
323 1731 345 1773 a
364 1707 485 1773 castris
507 1705 626 1773 abesse
647 1704 784 1791 scribet,
800 1727 859 1771 eae
879 1706 1017 1772 litterae
1039 1706 1160 1773 eodem
1182 1706 1237 1771 die
1254 1706 1302 1771 vi-

115 1823 233 1891 dentur
253 1825 351 1890 datae
372 1846 460 1906 esse;
490 1823 622 1889 litteras
644 1829 759 1888 autem
788 1823 978 1910 superiores
1001 1843 1074 1890 esse
1097 1824 1129 1888 V
1151 1824 1191 1889 17
1220 1823 1302 1890 inde

115 1941 314 2028 perspicitur
339 1939 423 2024 quod
447 1962 518 2005 non
543 1937 643 2004 modo
669 1942 689 2020 ξ
715 1940 733 2005 1
760 1939 879 2006 Cicero
907 1939 1028 2006 scribit
1049 1945 1168 2029 paucis
1193 1944 1309 2008 diebus·

112 2060 256 2124 habebam
271 2073 364 2124 certm
381 2060 527 2139 bominac,
546 2060 659 2143 quibas
676 2058 783 2122 durem
805 2060 925 2122 litteras
943 2055 1004 2121 sed
1019 2059 1038 2138 ξ
1053 2056 1073 2120 2
1089 2056 1207 2122 Cicero
1224 2079 1301 2122 cum

107 2173 295 2240 instituerit
321 2173 362 2239 de
390 2172 600 2239 abstinentia
629 2194 689 2237 sua
720 2193 832 2257 agere,
864 2171 978 2238 subito
1009 2194 1046 2238 se
1077 2181 1215 2240 revocat
1246 2173 1300 2239 his

104 2291 215 2357 verbis
237 2293 294 2358 sed
311 2317 394 2356 nanc
407 2315 564 2379 propero:
588 2294 784 2379 paramibam
813 2306 846 2356 at
872 2306 898 2356 lc
913 2295 1032 2378 paucis
1053 2293 1162 2358 dicbus
1184 2297 1298 2358 omnia.

201 2407 374 2486 Quoniam
396 2406 504 2491 igitur
525 2405 568 2471 de
583 2405 795 2473 continentia
813 2429 874 2474 sua
896 2414 931 2471 et
945 2406 988 2472 de
1003 2406 1300 2474 administratione

107 2525 297 2610 provinciae
312 2524 468 2612 pluribus
483 2522 603 2591 Cicero
625 2523 763 2589 disserit
778 2523 925 2610 epistula
941 2531 1036 2590 sexta
1052 2524 1193 2607 decima,
1215 2527 1300 2593 haec

106 2642 247 2727 epistula
268 2663 340 2708 non
361 2647 474 2728 potest
496 2648 575 2707 ante
597 2641 780 2728 epistulam
801 2641 983 2728 septimam
1006 2641 1174 2710 decimam
1197 2643 1300 2708 missa

101 2779 182 2824 esse.
224 2758 305 2825 Non
323 2756 459 2843 longior
481 2756 619 2842 quidem
640 2765 693 2824 est
715 2757 862 2846 epistula
884 2765 979 2824 sexta
1001 2757 1146 2841 decima;
1171 2759 1299 2846 inipso

98 2875 192 2944 enim
219 2875 345 2945 itinere
373 2873 546 2942 tabellarii
580 2874 803 2942 discedebant
836 2897 876 2942 ac
911 2877 1109 2942 summatim
1140 2878 1299 2945 Ciceroni

99 2992 213 3058 omnia
232 2991 476 3080 perscribenda
491 2999 597 3076 erant,
612 2992 681 3077 sed,
697 3015 776 3059 cum
790 2993 828 3059 in
842 2994 988 3082 epistula
1005 2995 1151 3081 septima
1166 2995 1299 3062 decima

99 3108 140 3175 de
161 3107 266 3176 rebus
288 3108 485 3175 domesticis
506 3117 635 3194 agatur,
662 3110 809 3197 epistula
834 3120 930 3178 sexte
955 3112 1088 3178 decima
1115 3113 1204 3178 nihil
1226 3113 1297 3179 fere

100 3225 167 3292 nisi
181 3225 225 3292 de
240 3226 418 3313 provincia
433 3231 474 3291 et'
489 3227 717 3314 temperantia
731 3228 906 3294 Oiceronis
920 3229 1034 3296 habet.
1068 3229 1180 3308 Quare
1196 3232 1297 3318 plane

97 3342 356 3410 assentiendum
378 3350 430 3408 est
443 3342 650 3426 Hoimanno,
666 3345 725 3429 qui
739 3352 845 3430 negat
858 3346 1041 3432 epistulam
1060 3355 1192 3414 sextam
1207 3347 1297 3413 deci-

95 3481 189 3525 mam
210 3468 291 3526 ante
313 3460 495 3546 epistulam
518 3460 700 3547 septimam
722 3460 891 3528 decimam
912 3463 1075 3549 scriptam
1098 3485 1181 3532 esse.

196 3579 241 3643 In
252 3577 399 3665 epistula
410 3584 507 3643 sexta
523 3576 595 3644 dec.
611 3585 777 3664 narratur,
790 3587 872 3663 quot
883 3578 957 3645 dies
969 3580 1088 3646 Cicero
1096 3580 1296 3670 Laodiceae,

97 3694 280 3782 Apameae,
292 3693 467 3779 Synnadis
477 3693 826 3782 fuerit3perspicuum
837 3697 944 3781 igitur
955 3696 1102 3763 esthanc
1113 3698 1296 3785 epistulam

97 3819 175 3878 ante
203 3811 321 3878 datam¹
349 3833 422 3878 esse
450 3833 552 3897 quam
579 3811 699 3878 Cicero
720 3811 963 3879 Philomelium
989 3814 1133 3880 venerit.
1176 3816 1295 3901 Neque

97 3948 176 3995 vero
204 3927 309 3995 certis
337 3927 548 4013 argumentis
575 3925 792 3993 Hofmannus
813 3928 836 3993 1.
858 3951 884 3994 s.
906 3951 932 3994 s.
955 3929 1068 4015 evicit,
1097 3954 1167 3997 non
1196 3954 1295 4019 posse

94 4051 275 4130 utramque
298 4044 480 4131 epistulam
502 4043 623 4110 ecdem
642 4043 699 4109 die
714 4043 830 4110 datam
851 4067 938 4129 esse;
961 4068 1043 4112 narn
1064 4048 1155 4132 quod
1175 4049 1295 4116 scribit

93 4162 152 4256 vir
173 4162 219 4228 ad
234 4183 339 4228 unam
362 4153 544 4248 epistulam
560 4160 785 4226 enarrandam
806 4162 866 4227 illo
882 4162 938 4229 die
954 4163 1112 4232 Ciceroni
1133 4165 1217 4242 satis
1232 4167 1294 4232 otii

92 4277 208 4364 finisse,
232 4278 353 4346 Cicero
375 4278 448 4364 ipse
470 4277 508 4344 in
529 4277 676 4364 epistula
690 4279 877 4364 posteriore
899 4279 1027 4346 fatetur
1041 4281 1293 4369 surripiendum

91 4395 159 4470 sibi
191 4395 326 4482 aliquid
357 4394 460 4481 spatii
487 4393 593 4460 fixisse
616 4395 679 4477 (16,
703 4395 744 4474 1).
788 4395 840 4460 Ac
863 4397 988 4462 vellem
1014 4397 1204 4464 accuratius
1237 4421 1293 4464 ex-

91 4511 265 4597 posuisset
277 4509 503 4593 Hofmaunus‚
524 4509 614 4594 quod
635 4508 719 4595 ipsis
734 4511 958 4598 epistularum
972 4516 1182 4599 argumentis
1197 4537 1293 4582 suam
