3262 4926
711 189 753 252 55

133 371 175 437 ad
197 369 424 454 undecimam,
462 371 510 454 15,
536 372 556 436 2
585 369 629 438 ad
657 373 795 436 tertiam
822 372 999 457 decimam,
1031 373 1079 457 15,
1106 374 1126 436 5
1155 373 1199 438 ad
1228 376 1331 461 septi-

131 511 222 552 mam
242 486 438 573 epistulam;
462 488 564 553 tertia
581 488 713 553 decima
727 488 864 553 brevior
879 495 939 573 est,
956 512 1007 575 ep.
1023 490 1206 555 undecima
1225 492 1331 577 pluri-

131 606 194 670 bus
216 605 332 670 verbis
355 604 493 691 scripta;
521 606 636 690 itaque
659 629 709 692 ep.
734 607 880 691 septima
906 613 1042 692 postero
1065 607 1120 672 die
1148 629 1249 692 quam
1271 630 1332 672 un-

133 722 266 787 decima
297 721 440 786 videtur.
469 722 548 786 data
580 745 662 787 esse.
707 722 807 788 Adde
841 724 930 807 quod
964 747 1040 788 cum
1072 746 1140 788 una
1173 747 1249 789 cum
1280 748 1331 811 ep.

132 839 315 903 undecima
337 839 601 903 commentarius
623 860 738 904 rerum
759 839 966 904 urbanarum
987 840 1111 904 missus
1131 841 1176 906 sit
1196 842 1240 906 ad
1255 865 1333 907 eum

134 955 311 1041 aptissime
332 955 481 1021 refertur
503 956 593 1040 quod
614 956 741 1040 legitur
762 956 850 1020 VIII
873 958 892 1021 7
913 960 1047 1023 nondum
1073 963 1250 1026 000οἰ0000
1278 960 1333 1041 (de

134 1073 325 1138 Hermanni
352 1073 555 1138 coniectura.
585 1074 621 1138 M
636 1075 822 1154 repuleras).
856 1073 973 1161 Facile
994 1074 1100 1157 Igitur
1118 1076 1333 1162 perspicitur,

135 1213 235 1275 quam
264 1212 424 1276 perverse
455 1190 496 1255 de
523 1191 577 1256 his
605 1191 761 1277 epistulis
784 1192 958 1257 Cruberus
984 1191 1189 1257 iudicaverit
1213 1193 1236 1258 l.
1259 1216 1283 1259 s.
1307 1217 1332 1258 a.

131 1330 164 1396 p.
189 1309 246 1373 13:
273 1307 514 1394 „posteriorem
537 1309 556 1372 7
577 1309 743 1396 postridie
766 1311 829 1375 fiam
859 1311 1022 1397 scriptam
1049 1333 1121 1375 esse
1143 1310 1217 1396 ipse
1240 1310 1333 1376 dicit.

131 1425 259 1490 Martio
281 1447 362 1490 vero
385 1425 532 1511 scriptae
555 1434 643 1511 sunt,
665 1427 805 1491 namin
828 1450 879 1513 ep.
903 1428 939 1490 II
963 1428 1003 1491 15
1025 1449 1060 1491 se
1082 1449 1151 1491 una
1173 1449 1250 1491 cum
1270 1428 1335 1491 hac

134 1565 185 1632 ep.
210 1549 285 1607 acta
306 1542 437 1607 urbana
460 1566 479 1607 a
501 1542 617 1608 Coelio
651 1544 822 1629 accepisse
855 1544 948 1628 dicit,
983 1565 1023 1608 ea
1044 1565 1125 1609 vero
1152 1544 1199 1608 ad.
1227 1566 1335 1610 nonas

134 1659 275 1724 Martias
301 1659 508 1745 pertinuisse
530 1661 676 1744 legimus
698 1661 735 1724 in
758 1683 809 1746 ep.
832 1660 876 1724 ad
898 1661 970 1725 Att.
986 1661 1037 1725 VI
1058 1661 1109 1726 2“.
1153 1661 1335 1726 Praeterea
1384 1687 1387 1694 ’

133 1784 279 1861 utroque
311 1777 385 1842 loco
407 1800 476 1842 non
499 1778 609 1842 Caelii
637 1778 911 1862 commentarius,
941 1778 1001 1842 sed
1023 1785 1099 1842 acta
1125 1778 1262 1864 publica
1284 1777 1335 1841 in-

133 1894 356 1977 telleguntur.
385 1895 509 1959 Caesar
525 1895 617 1959 enim
632 1896 829 1960 instituerat
845 1917 934 1960 anno
949 1897 1019 1978 695,
1036 1902 1082 1980 ut,
1099 1917 1185 1979 quae
1199 1895 1336 1980 publice

133 2017 328 2094 agerentur,
350 2010 476 2075 litteris
499 2011 758 2094 mandarentur;
787 2011 845 2096 qui
866 2011 947 2076 libri
973 2011 1238 2078 nominabantur
1259 2019 1337 2076 acta

133 2127 192 2191 vel
218 2125 355 2212 publica
377 2128 433 2191 vel
466 2127 589 2192 diurna
621 2128 676 2192 vel
705 2127 877 2212 urbana1),
912 2135 1066 2192 actorum
1098 2135 1212 2192 autem
1244 2128 1337 2192 haud

133 2265 211 2307 raro
234 2242 275 2306 fit
296 2244 424 2308 mentio
447 2243 485 2308 in
506 2244 681 2309 Ciceronis
704 2244 859 2330 epistulis
881 2245 978 2310 velut
1005 2245 1049 2308 ad
1070 2245 1237 2310 Plancum
1258 2246 1295 2309 X
1318 2246 1336 2308 1

134 2359 179 2424 ad
202 2359 411 2426 Trebonium
425 2362 462 2426 X
479 2363 522 2426 28
542 2361 585 2426 ad
605 2361 646 2426 D.
663 2363 808 2426 Brutum
823 2362 878 2425 XI
892 2362 934 2426 25
956 2361 999 2426 ad
1014 2362 1169 2426 Cassium
1183 2362 1257 2426 XII
1270 2362 1300 2426 8.
1316 2363 1338 2426 9

135 2475 180 2540 ad
203 2477 425 2542 Cornificium
447 2479 520 2542 XII
542 2478 591 2560 23,
615 2478 674 2562 qui
695 2478 772 2562 riri,
794 2484 833 2542 ut
848 2478 917 2543 Cic.
940 2501 969 2564 a.
986 2479 1055 2560 703,
1078 2479 1338 2563 peregrinantes

133 2594 325 2678 provinciis
347 2602 538 2680 praeerant.
573 2595 702 2672 Quidni
723 2595 859 2660 adacta
879 2595 1017 2681 publica
1038 2595 1235 2678 referamus
1253 2617 1338 2680 quae
1364 2634 1366 2637 ·

11 2705 17 2712 ’
135 2711 258 2776 Cicero
281 2711 401 2776 scribit
422 2712 466 2776 ad
487 2711 561 2776 Att.
584 2713 635 2777 VI
656 2713 685 2797 2,
708 2713 747 2777 6?
780 2713 911 2797 Nempe
940 2712 1007 2776 alia
1034 2718 1114 2776 sunt
1140 2720 1224 2796 acta,
1251 2712 1339 2776 alius

134 2828 401 2893 commentarius
430 2851 544 2894 rerum
570 2829 784 2913 urbanarum,
813 2851 914 2913 quem
936 2829 1072 2894 Caelius
1095 2829 1238 2894 Chresto
1263 2851 1340 2915 per-

135 2944 357 3010 scribendum
389 2944 612 3009 mandaverat
645 2945 740 3026 (vide
768 2945 812 3010 ad
837 2944 917 3010 fam.
940 2945 1029 3010 VIII
1053 2946 1080 3010 1.
1103 2946 1132 3010 2.
1165 2946 1203 3009 11
1237 2946 1273 3008 II
1294 2947 1339 3027 8).

134 3062 257 3127 Altero
280 3062 354 3128 loco
377 3063 496 3130 Cicero
519 3061 640 3127 scribit
653 3063 690 3127 II
706 3063 755 3147 15,
771 3063 791 3126 5
814 3066 851 3129 de
867 3065 972 3129 Ocella
987 3090 1105 3151 param
1120 3066 1164 3128 acl
1179 3089 1224 3128 me
1241 3065 1338 3150 plane

133 3185 313 3267 scripseras
336 3196 363 3245 et
386 3185 420 3245 io
442 3185 522 3246 uelis
537 3207 597 3246 000
613 3197 694 3264 eron·
710 3180 844 3245 Caelius
867 3181 959 3245 enim
974 3180 1096 3245 VIII?
1118 3179 1202 3243 haec
1223 3186 1342 3243 narrat

133 3298 267 3362 Servius
293 3299 399 3363 Ocella
425 3303 547 3362 aemzbl'
570 3303 784 3384 persuasisset
811 3324 843 3362 se
869 3300 1024 3362 moechum
1049 3310 1115 3362 'esse
1141 3301 1210 3361 uisi
1234 3299 1339 3361 leidae

135 3418 187 3479 bis
221 3416 426 3504 deprebensae
459 3430 543 3479 esset.
595 3417 730 3493 Quaeres
762 3417 837 3479 uli?
869 3417 925 3479 aba
955 3416 1092 3478 hercules
1127 3438 1180 3501 epo
1212 3417 1341 3478 00οί000

135 3533 256 3596 vellem.
300 3533 455 3617 Relinque
478 3535 539 3596 uli
559 3534 643 3616 qaod
663 3535 701 3596 ob
723 3535 799 3596 allis
822 3557 964 3617 quaeres.
1012 3528 1182 3606 Quoniam
1204 3529 1341 3594 Caelius

136 3649 291 3735 exponIt,
307 3671 367 3713 our
386 3627 575 3713 accuratius
592 3648 634 3713 de
651 3647 768 3713 Ocella
782 3669 852 3712 non
866 3646 1001 3730 referat,
1018 3645 1218 3710 Ciceronem
1233 3645 1255 3712 l.
1272 3667 1297 3710 s.
1313 3668 1338 3712 s.

134 3788 209 3830 non
232 3765 275 3829 ad
297 3764 406 3830 Caelii
433 3764 724 3846 commentarium,
752 3763 812 3827 sed
835 3763 879 3827 ad
904 3768 980 3826 acta
1005 3761 1143 3848 publica
1170 3762 1342 3848 respicere

135 3881 361 3947 manifestum
385 3887 445 3947 est.

84 3975 87 3980 ¹
241 4000 329 4063 VIII
352 4000 389 4063 11
409 3984 490 4083 'qua
523 3999 670 4086 epistula
695 3997 854 4064 Ciceroni
887 3995 1153 4086 supplicationes
1187 3995 1355 4080 decretas

136 4140 214 4184 esse
241 4116 428 4200 nuntiatur,
450 4123 528 4202 post
552 4137 659 4180 nonas
681 4114 820 4201 Apriles
846 4113 951 4178 missa
979 4120 1046 4196 est,
1073 4135 1154 4176 nam
1180 4112 1342 4196 quoniam

137 4238 261 4304 Cicero
284 4233 321 4298 in
337 4234 457 4298 castris
473 4234 516 4298 ad
531 4234 718 4317 Pyramum
734 4232 776 4297 ab
791 4231 905 4318 Appio
924 4231 1023 4314 binas
1045 4209 1179 4295 litteras
1200 4229 1342 4315 accepit,

143 4358 343 4368 ..-——-·-——-

242 4403 263 4470 ¹)
284 4399 461 4455 Conferatur
489 4398 668 4453 Huebnerus
697 4398 728 4453 in
757 4397 955 4452 Fleckeisenii
989 4395 1142 4450 annalium
1171 4394 1265 4466 suppl.
1294 4394 1358 4448 Irr-

136 4507 166 4560 p.
185 4487 329 4542 564—594.
