3262 4926
774 235 795 298 5

236 442 240 446 ·
285 418 361 482 Ι55
382 416 470 482 VIII
491 419 519 502 5,
541 419 561 482 3
583 417 669 484 haee
691 417 818 504 scripta
840 421 920 482 sunt
947 417 1117 482 Marcellus
1140 416 1221 480 idem
1243 417 1327 480 illud
1346 417 1384 482 de

181 541 362 624 provincias
383 549 585 623 nepetaeque
614 537 717 601 55555
734 534 933 621 frequentem
959 547 1097 598 senatum
1124 530 1247 617 efficere
1265 535 1382 618 potnit.

288 650 416 732 Quodsi
430 651 518 715 VIII
539 653 560 716 5
582 651 675 716 inter
696 650 729 715 k.
751 649 841 715 Sext.
865 654 900 714 et
921 671 950 713 a.
975 648 1006 714 5.
1021 648 1073 714 IV
1092 670 1171 713 non.
1188 646 1280 733 Sept.
1303 647 1384 712 5555

187 776 249 852 555,
271 769 360 833 inter
380 767 411 832 k.
430 775 545 833 autem
568 774 603 833 et
625 768 670 833 id.
689 767 780 834 Sext.
801 767 843 832 de
860 765 1047 852 provinciis
1062 787 1132 830 non
1153 764 1300 830 relatum
1322 771 1382 849 555,

186 886 230 950 15.
254 907 334 950 vero
356 892 471 971 patres
492 906 563 949 non
585 883 781 968 frequentes
809 888 1051 964 5555555555,
1079 887 1176 968 patet
1205 879 1297 945 1555
1318 881 1383 946 hoa

185 1003 257 1067 loeo
279 1001 412 1067 narrari
435 1000 526 1086 quod
549 1000 637 1064 VIII
658 1001 686 1083 9,
707 1000 743 1063 2:
766 997 811 1063 id.
836 997 927 1063 Sext.
950 996 1180 1081 frequentiam
1202 996 1292 1062 efflei
1312 1019 1383 1064 555

167 1119 343 1204 potuisse.
387 1118 577 1202 Perperam
598 1116 703 1200 igitur
718 1114 893 1180 Gruberus
912 1136 945 1200 p.
962 1114 1016 1178 11:
1040 1113 1147 1198 „VIII
1165 1114 1186 1177 5
1205 1113 1381 1180 entaldus
1501 1173 1504 1180 .

182 1234 225 1300 ef.
255 1235 298 1300 de
328 1234 450 1300 Idibus
476 1232 564 1299 VIII
587 1234 609 1296 4
634 1239 668 1296 55
690 1231 778 1296 VIII
799 1229 848 1296 9.“
891 1231 1002 1295 Immo
1025 1230 1154 1295 VlII5
1182 1236 1260 1316 post
1288 1229 1379 1314 idus;

182 1351 226 1418 ef.
250 1351 293 1416 55
315 1350 432 1416 idibus
453 1351 540 1415 VIII
560 1351 582 1414 4
603 1356 637 1414 55
658 1347 746 1414 VIII
767 1350 796 1414 9.

284 1470 333 1533 Ilt
347 1468 505 1552 quoniam
519 1467 668 1532 vidimus
683 1467 771 1531 VIII
785 1467 807 1530 5
821 1472 900 1530 ante
916 1464 1054 1531 eomitia
1067 1461 1227 1530 aedilicia
1240 1461 1380 1527 missam

184 1607 268 1668 esse,
291 1585 427 1650 eomitia
447 1591 525 1670 post
545 1583 591 1649 15.
613 1590 690 1649 aeta
709 1605 783 1649 esse
804 1588 955 1668 apparet.
997 1582 1118 1665 Itaque
1138 1580 1181 1644 55
1202 1579 1277 1644 Α55.
1293 1578 1324 1644 V
1341 1579 1380 1644 19

184 1699 307 1766 Hirrus
327 1723 396 1766 non
420 1700 610 1785 55555555,
635 1699 770 1784 quando
797 1698 936 1785 quidem
956 1696 1094 1764 Atticus
1116 1719 1144 1762 a.
1168 1696 1191 1761 d
1223 1695 1279 1760 III
1299 1717 1379 1762 non.

183 1815 275 1882 Sext.
298 1817 441 1882 Hirrum
461 1818 639 1903 repulsum
661 1839 735 1881 esse
758 1814 908 1881 seribere
929 1836 999 1879 non
1020 1820 1164 1899 poterat.

279 1935 380 1999 Nune
393 1934 572 1999 videamus
574 1933 674 2018 ,quis
689 1939 826 2020 praeter
838 1925 982 1998 Hirrum
997 1951 1075 1996 eum
1088 1929 1260 2074 repulsam
1275 1930 1379 1995 5703

179 2051 352 2136 acceperit
373 2059 449 2115 tum
472 2049 656 2115 certaverit
679 2071 757 2114 555
778 2048 953 2116 Cicerone

279 2167 415 2233 Caelius
431 2166 552 2232 scribit
566 2166 697 2250 VHI4,
719 2167 797 2230 IM.
818 2167 977 2232 Calidium
992 2168 1030 2230 55
1052 2166 1378 2252 repelsopostelataee

177 2312 198 2350 5
213 2286 333 2352 Gellio
348 2287 473 2351 555555.
518 2283 576 2348 Sic
591 2282 729 2367 quidem
743 2289 836 2348 reete
852 2280 894 2347 de
911 2289 1003 2348 eerta
1018 2279 1161 2348 Corradi
1175 2281 1377 2365 coniectura,

179 2400 217 2464 15
231 2400 385 2466 15551555
408 2400 500 2466 5515
521 2407 573 2466 555
588 2403 632 2465 M.
649 2401 816 2466 01555555(
836 2402 874 2464 55
893 2402 1020 2486 repulse
1032 2403 1225 2486 postulatam
1239 2423 1259 2462 5
1274 2399 1379 2464 Gallie

182 2518 307 2582 dnobus.
343 2517 391 2581 At
404 2517 450 2582 M.
467 2515 632 2581 Claudius
646 2515 830 2581 Marcellus
851 2522 925 2581 erat
947 2516 1064 2581 555551
1086 2538 1114 2580 5.
1135 2515 1204 2599 703,
1227 2515 1286 2599 qui
1307 2537 1378 2580 non

179 2637 315 2717 poterat
335 2630 400 2697 hoe
414 2654 501 2697 5555
520 2631 563 2697 51)
584 2633 721 2718 repulsa
734 2631 915 2718 postulari,
938 2631 1044 2696 alium
1059 2638 1175 2697 autem
1196 2631 1226 2697 si
1240 2630 1377 2696 Caelius

177 2746 415 2832 signifieasset,
438 2747 674 2834 distinguendi
694 2749 814 2834 gratia,
836 2755 874 2814 ut
895 2756 990 2814 reete
1011 2748 1172 2815 observat
1193 2747 1376 2833 Manutius,

176 2864 234 2928 vel
257 2885 448 2948 eognomen
469 2865 526 2930 vel
547 2864 654 2950 patris
676 2886 885 2952 praenomen
905 2864 963 2931 vel
976 2871 1095 2930 notam
1116 2864 1266 2948 aliquam
1280 2862 1377 2930 addi-

175 2979 291 3046 disset.
337 2981 450 3059 Quid?
483 3003 596 3047 nonne
618 2981 807 3068 respiciunt
828 2981 872 3047 ad
894 2981 1077 3068 epistulam
1098 2980 1315 3067 superiorem,
1338 2979 1377 3046 in
1475 3049 1477 3055 ,

175 3118 241 3181 qua
256 3097 422 3185 seriptum
442 3104 501 3182 est,
522 3097 694 3163 Calidium
713 3097 752 3162 in
773 3097 825 3164 ius
840 3104 1001 3162 vocatum
1015 3119 1099 3181 esse,
1122 3119 1207 3183 quae
1227 3096 1375 3180 legimus

177 3212 264 3276 VIII
277 3214 307 3298 9,
328 3215 364 3279 5:
388 3216 534 3280 Calidius
556 3220 591 3280 in
606 3217 866 3308 defensionem
878 3214 953 3301 fail
974 3217 1209 3296 desertissime,
1232 3218 1267 3280 ie
1286 3239 1375 3278 5555-

176 3334 295 3394 555555
308 3335 387 3396 seteis
397 3330 557 3420 fre‘pe'das.
600 3330 640 3408 Q.
661 3337 776 3396 55555
791 3331 923 3396 Gallius
938 3331 1099 3417 quoniam
1113 3353 1133 3396 5
1147 3329 1280 3395 Calidio
1295 3350 1373 3394 reus

175 3443 287 3509 faetus
304 3452 376 3511 erat
390 3446 481 3529 (vide
492 3447 589 3512 Brut.
600 3447 685 3531 277),
709 3446 791 3531 quid
810 3446 923 3532 aptius
941 3446 1111 3529 convenit,
1131 3465 1232 3530 quam
1243 3443 1373 3510 Gallias

174 3559 259 3625 duos
282 3561 413 3627 Calidio
439 3561 539 3627 litem
566 3561 779 3628 intendisse?
823 3561 918 3640 Quae
940 3584 1018 3627 eum
1044 3562 1095 3627 155
1117 3561 1186 3626 sint
1207 3561 1281 3626 iu're
1303 3582 1373 3627 me-

173 3675 308 3760 ritoque
331 3676 480 3743 editores
497 3677 772 3744 emendationem
787 3677 929 3744 Corradi
950 3677 988 3742 in
1009 3684 1142 3743 textum
1160 3685 1372 3764 receperunt.

274 3793 428 3860 Calidius
450 3816 530 3859 vero
546 3815 709 3879 magnum
730 3794 768 3859 in
790 3794 980 3860 oratoribus
995 3794 1116 3860 habuit
1129 3816 1268 3879 nomem
1291 3816 1372 3862 nam

174 3915 210 3972 et
233 3909 467 3986 Quintilianus
477 3913 501 3992 ¹)
523 3911 641 3976 multis
662 3911 748 3977 loeis
775 3911 818 3977 de
844 3934 884 3977 eo
912 3911 1052 3977 disserit
1081 3919 1117 3977 et
1138 3911 1371 3996 Hieronymus

172 4024 293 4110 tradit,
312 4026 357 4092 M.
378 4026 550 4092 Calidium
571 4050 608 4093 se
630 4027 674 4093 55
694 4027 943 4114 Apollodorum
963 4027 1240 4112 Pergamenuml)
1262 4026 1372 4114 appii·
1491 4055 1496 4062 ⁹

171 4213 371 4224 *—

272 4341 292 4409 ι)
312 4343 413 4409 555.
429 4343 504 4397 Insa.
522 4343 603 4398 (55.
622 4347 661 4412 5,
682 4349 703 4412 1,
721 4347 762 4398 aa
791 4348 829 4412 11,
849 4349 872 4413 3,
894 4348 949 4399 155.
977 4349 1016 4412 5,
1037 4349 1075 4412 5,
1096 4349 1135 4398 5.
1162 4347 1201 4412 5,
1221 4347 1260 4412 10,
1280 4347 1319 4399 se.

272 4425 293 4492 ²)
312 4425 395 4481 Hier.
414 4426 520 4482 Chron.
539 4425 577 4481 55
599 4425 722 4482 55511.
740 4426 771 4482 C.
793 4431 849 4482 691.
884 4428 929 4482 De
951 4426 1132 4498 Apollodoro
1149 4425 1217 4483 vids
1234 4425 1371 4482 Pideritii

170 4507 413 4566 dissertationem
428 4509 579 4582 (Marburg
598 4513 670 4565 1842.
687 4514 725 4579 4).
