3262 4926
872 141 914 206 34

293 325 403 392 tentia
418 347 479 390 sua
493 329 512 405 ξ
527 325 548 389 6
563 323 682 406 refe1t;
707 323 832 389 deinde
847 323 953 389 finem
973 323 1177 389 narrationis
1193 323 1247 388 his
1261 323 1375 388 verbis
1391 322 1493 389 facit:

291 446 385 508 dabas
418 447 531 508 curma.
575 445 666 506 Nunc
691 445 822 530 publice
856 446 976 507 litteras
1008 445 1139 508 Romam
1161 446 1291 506 mittero
1322 444 1479 528 parabam
1485 468 1495 523 ,·

292 564 451 626 abcm'ores
466 576 562 643 amnt,
575 586 667 646 quam
682 563 714 624 εί
724 585 762 624 arr
774 562 896 625 Arcano
913 564 1077 626 misissem.
1101 562 1145 623 Ar
1159 576 1186 625 te
1198 561 1315 624 Romae
1330 585 1392 624 non
1403 561 1495 644 fore.

394 676 530 762 Duplex
545 683 618 741 erat
632 698 742 759 causa,
765 699 825 741 cur
840 676 959 742 Cicero
974 675 1130 740 Atticum
1144 676 1274 740 Romae
1290 697 1364 740 esse
1379 675 1494 759 vellet,

295 817 372 878 una,
397 816 462 878 quo
485 792 620 859 facilius
643 793 910 880 supplicationes
933 793 1000 859 sibi
1020 792 1283 863 decernerentur
1306 791 1364 874 (cf.
1380 792 1430 856 VI
1444 792 1496 873 4);

295 912 410 995 altera,
439 935 483 976 ne
506 911 712 976 retineretur
739 911 776 975 in
801 911 979 994 provincia
1001 910 1058 994 (cf.
1080 911 1112 976 V
1136 911 1183 995 18,
1205 911 1225 974 3
1249 912 1334 992 cet).
1378 909 1496 994 Atque

295 1051 373 1094 cum
394 1022 494 1092 unius
521 1050 640 1094 causae
673 1028 802 1094 mentio
835 1028 926 1094 facta
953 1029 999 1094 sit
1027 1030 1080 1094 his
1102 1029 1216 1094 verbis
1253 1045 1285 1094 ot
1317 1045 1344 1094 te
1376 1030 1498 1093 Romae

296 1173 357 1212 non
379 1146 466 1232 fore,
496 1145 604 1210 altera
635 1144 785 1209 naturali
812 1145 958 1228 quadam
990 1145 1230 1210 coniunctione
1263 1143 1411 1209 occurrit
1441 1147 1501 1210 sed

295 1277 340 1328 cst
362 1277 463 1345 lomna,
486 1263 570 1348 qaod
582 1245 872 1327 kalendrs'Mortr'z's
891 1262 1033 1342 fretorum
1048 1279 1107 1345 ast,
1129 1289 1235 1329 vereor
1257 1267 1339 1328 enim
1358 1287 1404 1344 ne,
1428 1287 1499 1327 cam

295 1383 333 1446 da
351 1384 521 1466 provencia
543 1394 659 1468 opemr,
682 1383 715 1444 si
734 1381 850 1445 Caesar
871 1385 1003 1461 resistat,
1031 1406 1086 1446 noe
1108 1385 1313 1446 retineamur:
1339 1382 1390 1446 ins
1412 1395 1445 1444 tu
1466 1385 1502 1445 si

298 1499 430 1579 adesses,
453 1498 539 1561 nihil
558 1499 704 1560 timerem.
744 1481 794 1560 Et
816 1495 976 1579 quoniam
998 1495 1035 1561 in
1057 1495 1280 1561 kalendarum
1295 1495 1500 1561 Martiarum

297 1613 507 1679 mentionem
539 1611 675 1696 incidit,
709 1611 790 1677 hinc
821 1611 995 1698 proximus
1029 1618 1081 1676 est
1112 1612 1277 1676 transitus
1310 1612 1354 1676 ad
1386 1611 1499 1677 Attici

228 1748 234 1756 “
296 1731 439 1813 litteras,
461 1753 479 1794 e
496 1729 617 1813 quibus
634 1735 840 1813 cognoverat
853 1729 886 1794 k.
903 1728 1036 1794 Martiis
1052 1729 1094 1794 de
1109 1729 1296 1815 provinciis
1312 1738 1427 1796 actum
1442 1731 1497 1796 iri.

398 1848 478 1913 Jam
504 1846 688 1934 respondet
720 1845 924 1930 singillatim
957 1846 1001 1911 ad
1026 1846 1137 1912 Attici
1168 1846 1309 1931 litteras,
1343 1846 1387 1912 ad
1414 1868 1496 1930 quas

298 1986 401 2050 supra
427 1970 582 2049 spectant
609 1967 628 2043 ξ
656 1964 674 2027 1
701 1967 759 2029 sic
781 1967 863 2028 enim
896 1966 1038 2029 concedis
1070 1967 1152 2029 mim
1174 1968 1339 2051 proar’rnr's
1372 1967 1496 2046 litteris,

299 2085 319 2162 ἓ
340 2081 361 2145 6
383 2082 466 2167 quod
484 2105 531 2144 mc
552 2084 687 2144 manime
712 2081 861 2161 hortaris,
888 2083 908 2160 ξ
931 2081 950 2144 7
976 2082 1033 2146 sed
1057 2097 1101 2146 cst
1127 2094 1219 2146 totum
1246 2082 1329 2166 praed
1353 2082 1497 2147 kalendis

299 2201 431 2263 Marm'r’a
447 2196 598 2280 semrom
624 2212 676 2261 est.
724 2195 778 2260 Ita
805 2196 856 2278 fit,
889 2204 928 2261 ut
959 2197 1084 2262 iterum
1116 2198 1326 2262 mentionem
1359 2205 1498 2264 senatus

300 2315 530 2382 consultorum
552 2313 686 2397 inferat,
708 2337 819 2399 neque
842 2314 908 2380 sibi
928 2321 1097 2400 repugnat
1112 2315 1202 2400 quod
1217 2336 1319 2401 supra
1341 2316 1404 2399 §Z
1429 2316 1500 2380 suis

299 2430 401 2496 rebus
428 2452 505 2495 cum
531 2430 639 2515 timet,
673 2452 709 2494 se
735 2432 847 2496 vereri
880 2430 1038 2515 declarat,
1061 2454 1113 2516 ne,
1144 2431 1173 2495 si
1200 2432 1325 2498 Caesar
1352 2433 1500 2516 resistat,

299 2549 366 2636 ipsi
388 2548 570 2634 imperium
597 2556 807 2634 prorogetur,
835 2548 926 2614 infra
945 2556 1064 2614 autem
1086 2553 1105 2630 ξ
1126 2551 1148 2613 8
1173 2572 1251 2615 cum
1277 2549 1404 2614 fatetur
1432 2551 1501 2617 'sibi

299 2664 449 2730 iucunda
486 2672 623 2729 senatus
662 2666 816 2731 consulta
856 2688 929 2732 esse
968 2666 1086 2732 scribit
1119 2671 1230 2754 qm'bus
1263 2671 1317 2733 ille
1353 2673 1385 2733 ei
1419 2671 1501 2736 cedit

300 2785 385 2848 salci
410 2809 522 2848 marae.
564 2783 747 2848 Praeterea
776 2805 853 2849 cum
876 2784 995 2850 Attico
1022 2783 1064 2849 de
1086 2785 1256 2850 Nicanore
1285 2784 1497 2871 respondeat,

301 2899 426 2964 iterum
447 2906 571 2984 namot,
594 2922 630 2964 se
652 2899 785 2966 litteras
807 2901 961 2986 publicas
976 2901 1122 2966 Romam
1139 2903 1322 2967 missurum
1345 2910 1380 2967 et
1398 2900 1499 2967 Nica-

301 3015 377 3080 nori
398 3016 605 3082 traditurum
627 3039 710 3082 esse.
754 3019 830 3083 Hac
844 3018 917 3084 fere
932 3018 1064 3084 ratione
1085 3019 1274 3085 sententiae
1292 3041 1328 3084 se
1343 3019 1501 3107 excipere

301 3132 471 3198 videntur.
515 3135 579 3198 Est
599 3133 707 3218 igitur
726 3133 811 3200 haec
834 3136 981 3222 epistula
1000 3135 1204 3201 Pindenisso
1225 3136 1319 3219 data;
1343 3136 1381 3201 ni
1400 3137 1503 3203 fallor

301 3249 364 3315 sub
380 3245 473 3315 idem
487 3256 623 3337 tempus
639 3258 741 3336 atque
757 3273 808 3338 ep.
825 3251 869 3316 ad
880 3253 1065 3318 Curionem
1079 3252 1116 3318 ΙΙ
1132 3254 1165 3336 7;
1181 3253 1298 3320 confer
1314 3257 1333 3334 ἓ
1349 3255 1369 3318 3
1382 3259 1504 3342 porrois

302 3371 384 3432 enirn
417 3369 525 3432 diebus
557 3393 642 3432 erum
674 3373 827 3434 missurus
859 3371 1040 3435 domesticos
1072 3373 1260 3454 tabellarios,
1293 3388 1327 3437 nt
1428 3379 1505 3440 nnis

302 3486 418 3549 litteris
441 3489 532 3550 totius
554 3488 682 3549 aestatis
704 3511 754 3549 ros
772 3501 877 3574 postas
898 3487 942 3550 ud
961 3503 1099 3552 sanatam
1117 3492 1354 3575 perscriberem.
