<?xml version="1.0" encoding="UTF-8"?>
<!DOCTYPE html PUBLIC "-//W3C//DTD XHTML 1.0 Transitional//EN"
    "http://www.w3.org/TR/xhtml1/DTD/xhtml1-transitional.dtd">
<html xmlns="http://www.w3.org/1999/xhtml" xml:lang="en" lang="en">
 <head>
  <title>
</title>
<meta http-equiv="Content-Type" content="text/html;charset=utf-8" />
  <meta name='ocr-system' content='tesseract 3.04.00' />
  <meta name='ocr-capabilities' content='ocr_page ocr_carea ocr_par ocr_line ocrx_word'/>
</head>
<body>
  <div class='ocr_page' id='page_1' title='image "./detemporibusepi00mollgoog_0059.png"; bbox 0 0 3262 4926; ppageno 0'>
   <div class='ocr_carea' id='block_1_1' title="bbox 874 216 917 279">
    <p class='ocr_par' dir='ltr' id='par_1_1' title="bbox 874 216 917 279">
     <span class='ocr_line' id='line_1_1' title="bbox 874 216 917 279; baseline 0 0"><span class='ocrx_word' id='word_1_1' title='bbox 874 216 917 279; x_wconf 87' lang='lat'><strong>50</strong></span> 
     </span>
    </p>
   </div>
   <div class='ocr_carea' id='block_1_2' title="bbox 295 398 1497 718">
    <p class='ocr_par' dir='ltr' id='par_1_2' title="bbox 295 398 1497 718">
     <span class='ocr_line' id='line_1_2' title="bbox 295 398 1496 485; baseline 0.002 -21"><span class='ocrx_word' id='word_1_2' title='bbox 295 398 485 482; x_wconf 85' lang='lat' dir='ltr'><strong>gotiaretur</strong></span> <span class='ocrx_word' id='word_1_3' title='bbox 506 399 544 463; x_wconf 92' lang='lat' dir='ltr'><strong>in</strong></span> <span class='ocrx_word' id='word_1_4' title='bbox 566 399 740 465; x_wconf 80' lang='lat' dir='ltr'><strong>Ciceronis</strong></span> <span class='ocrx_word' id='word_1_5' title='bbox 766 399 943 485; x_wconf 88' lang='lat' dir='ltr'><strong>provincia</strong></span> <span class='ocrx_word' id='word_1_6' title='bbox 969 420 1008 463; x_wconf 92' lang='lat' dir='ltr'><strong>ac</strong></span> <span class='ocrx_word' id='word_1_7' title='bbox 1036 398 1286 484; x_wconf 77' lang='lat' dir='ltr'>praefecturam</span> <span class='ocrx_word' id='word_1_8' title='bbox 1312 399 1496 485; x_wconf 86' lang='lat' dir='ltr'><strong>petivisset</strong></span> 
     </span>
     <span class='ocr_line' id='line_1_3' title="bbox 297 514 1497 602; baseline 0.003 -23"><span class='ocrx_word' id='word_1_9' title='bbox 297 514 353 596; x_wconf 90' lang='lat' dir='ltr'><strong>(ad</strong></span> <span class='ocrx_word' id='word_1_10' title='bbox 368 514 441 580; x_wconf 90' lang='lat' dir='ltr'><strong>Att.</strong></span> <span class='ocrx_word' id='word_1_11' title='bbox 454 516 504 580; x_wconf 87' lang='lat' dir='ltr'><strong>Vl</strong></span> <span class='ocrx_word' id='word_1_12' title='bbox 521 517 547 600; x_wconf 87' lang='lat'><strong>1,</strong></span> <span class='ocrx_word' id='word_1_13' title='bbox 568 517 613 599; x_wconf 84' lang='lat'><strong>6),</strong></span> <span class='ocrx_word' id='word_1_14' title='bbox 636 516 697 581; x_wconf 87' lang='lat' dir='ltr'><strong>sed</strong></span> <span class='ocrx_word' id='word_1_15' title='bbox 719 516 823 581; x_wconf 86' lang='lat' dir='ltr'><strong>etiam</strong></span> <span class='ocrx_word' id='word_1_16' title='bbox 844 516 946 580; x_wconf 86' lang='lat' dir='ltr'><strong>facile</strong></span> <span class='ocrx_word' id='word_1_17' title='bbox 968 522 1103 601; x_wconf 86' lang='lat' dir='ltr'><strong>poterat</strong></span> <span class='ocrx_word' id='word_1_18' title='bbox 1124 515 1274 581; x_wconf 76' lang='lat' dir='ltr'><strong>Laenius</strong></span> <span class='ocrx_word' id='word_1_19' title='bbox 1296 516 1497 602; x_wconf 82' lang='lat' dir='ltr'><strong>priusquam</strong></span> 
     </span>
     <span class='ocr_line' id='line_1_4' title="bbox 296 630 1496 718; baseline 0.001 -21"><span class='ocrx_word' id='word_1_20' title='bbox 296 631 415 697; x_wconf 88' lang='lat' dir='ltr'><strong>Cicero</strong></span> <span class='ocrx_word' id='word_1_21' title='bbox 449 630 558 697; x_wconf 81' lang='lat' dir='ltr'><strong>Attici</strong></span> <span class='ocrx_word' id='word_1_22' title='bbox 589 632 722 718; x_wconf 89' lang='lat' dir='ltr'><strong>accepit</strong></span> <span class='ocrx_word' id='word_1_23' title='bbox 753 633 886 698; x_wconf 73' lang='lat' dir='ltr'><strong>litteras</strong></span> <span class='ocrx_word' id='word_1_24' title='bbox 923 631 1168 717; x_wconf 88' lang='lat' dir='ltr'><strong>commendari,</strong></span> <span class='ocrx_word' id='word_1_25' title='bbox 1203 631 1363 717; x_wconf 90' lang='lat' dir='ltr'><strong>quoniam</strong></span> <span class='ocrx_word' id='word_1_26' title='bbox 1394 640 1496 699; x_wconf 85' lang='lat' dir='ltr'><strong>vetus</strong></span> 
     </span>
    </p>
   </div>
   <div class='ocr_carea' id='block_1_3' title="bbox 296 748 1627 830">
    <p class='ocr_par' dir='ltr' id='par_1_3' title="bbox 296 748 1627 830">
     <span class='ocr_line' id='line_1_5' title="bbox 296 748 1627 830; baseline 0.005 -16"><span class='ocrx_word' id='word_1_27' title='bbox 296 748 454 814; x_wconf 82' lang='lat' dir='ltr'><strong>Ciceroni</strong></span> <span class='ocrx_word' id='word_1_28' title='bbox 477 771 554 814; x_wconf 91' lang='lat' dir='ltr'><strong>cum</strong></span> <span class='ocrx_word' id='word_1_29' title='bbox 568 749 699 814; x_wconf 81' lang='lat' dir='ltr'><strong>Laenio</strong></span> <span class='ocrx_word' id='word_1_30' title='bbox 719 748 926 814; x_wconf 88' lang='lat' dir='ltr'><strong>consuetudo</strong></span> <span class='ocrx_word' id='word_1_31' title='bbox 949 748 1143 814; x_wconf 90' lang='lat' dir='ltr'><strong>intercessit</strong></span> <span class='ocrx_word' id='word_1_32' title='bbox 1158 752 1202 830; x_wconf 87' lang='lat' dir='ltr'><strong>(v.</strong></span> <span class='ocrx_word' id='word_1_33' title='bbox 1219 749 1261 813; x_wconf 88' lang='lat' dir='ltr'><strong>ad</strong></span> <span class='ocrx_word' id='word_1_34' title='bbox 1276 749 1356 814; x_wconf 84' lang='lat' dir='ltr'><strong>fam.</strong></span> <span class='ocrx_word' id='word_1_35' title='bbox 1371 750 1459 816; x_wconf 85' lang='lat' dir='ltr'><strong>XIV</strong></span> <span class='ocrx_word' id='word_1_36' title='bbox 1475 752 1521 820; x_wconf 74' lang='grc'><strong>4..</strong></span> <span class='ocrx_word' id='word_1_37' title='bbox 1626 779 1627 788; x_wconf 66' lang='grc'>’</span> 
     </span>
    </p>
   </div>
   <div class='ocr_carea' id='block_1_4' title="bbox 222 865 1497 1536">
    <p class='ocr_par' dir='ltr' id='par_1_4' title="bbox 222 865 1497 1279">
     <span class='ocr_line' id='line_1_6' title="bbox 294 865 1496 951; baseline 0.003 -22"><span class='ocrx_word' id='word_1_38' title='bbox 294 887 356 951; x_wconf 90' lang='lat' dir='ltr'><strong>pre</strong></span> <span class='ocrx_word' id='word_1_39' title='bbox 378 865 519 930; x_wconf 82' lang='lat' dir='ltr'><strong>Plancio</strong></span> <span class='ocrx_word' id='word_1_40' title='bbox 541 866 581 929; x_wconf 86' lang='grc'><strong>41</strong></span> <span class='ocrx_word' id='word_1_41' title='bbox 603 887 665 951; x_wconf 89' lang='lat' dir='ltr'><strong>pro</strong></span> <span class='ocrx_word' id='word_1_42' title='bbox 688 865 799 930; x_wconf 87' lang='lat' dir='ltr'><strong>Sestio</strong></span> <span class='ocrx_word' id='word_1_43' title='bbox 814 865 878 944; x_wconf 85' lang='lat'>63).</span> <span class='ocrx_word' id='word_1_44' title='bbox 915 865 990 930; x_wconf 82' lang='lat' dir='ltr'><strong>Iam</strong></span> <span class='ocrx_word' id='word_1_45' title='bbox 1012 865 1134 930; x_wconf 88' lang='lat' dir='ltr'><strong>ceteris</strong></span> <span class='ocrx_word' id='word_1_46' title='bbox 1156 865 1200 931; x_wconf 89' lang='lat' dir='ltr'><strong>ad</strong></span> <span class='ocrx_word' id='word_1_47' title='bbox 1222 865 1345 931; x_wconf 84' lang='lat' dir='ltr'><strong>Silium</strong></span> <span class='ocrx_word' id='word_1_48' title='bbox 1367 866 1496 933; x_wconf 88' lang='lat' dir='ltr'><strong>litteris</strong></span> 
     </span>
     <span class='ocr_line' id='line_1_7' title="bbox 296 981 1497 1068; baseline 0.002 -22"><span class='ocrx_word' id='word_1_49' title='bbox 296 1004 357 1046; x_wconf 91' lang='lat' dir='ltr'><strong>cur</strong></span> <span class='ocrx_word' id='word_1_50' title='bbox 388 981 595 1047; x_wconf 90' lang='lat' dir='ltr'><strong>inscrabitur</strong></span> <span class='ocrx_word' id='word_1_51' title='bbox 628 981 665 1046; x_wconf 92' lang='lat' dir='ltr'><strong>in</strong></span> <span class='ocrx_word' id='word_1_52' title='bbox 698 981 906 1046; x_wconf 87' lang='lat' dir='ltr'><strong>editionibus</strong></span> <span class='ocrx_word' id='word_1_53' title='bbox 929 998 1055 1048; x_wconf 70' lang='lat' dir='ltr'><strong>enecate</strong></span> <span class='ocrx_word' id='word_1_54' title='bbox 1084 1010 1112 1047; x_wconf 89' lang='lat' dir='ltr'><strong>a.</strong></span> <span class='ocrx_word' id='word_1_55' title='bbox 1136 989 1200 1048; x_wconf 83' lang='lat'><strong>703</strong></span> <span class='ocrx_word' id='word_1_56' title='bbox 1233 982 1392 1068; x_wconf 85' lang='lat' dir='ltr'><strong>equidem</strong></span> <span class='ocrx_word' id='word_1_57' title='bbox 1425 1006 1497 1050; x_wconf 91' lang='lat' dir='ltr'><strong>non</strong></span> 
     </span>
     <span class='ocr_line' id='line_1_8' title="bbox 222 1097 1496 1184; baseline 0.004 -23"><span class='ocrx_word' id='word_1_58' title='bbox 222 1098 226 1109; x_wconf 81' lang='grc'>’</span> <span class='ocrx_word' id='word_1_59' title='bbox 295 1097 475 1181; x_wconf 84' lang='lat' dir='ltr'><strong>intellego;</strong></span> <span class='ocrx_word' id='word_1_60' title='bbox 498 1120 609 1182; x_wconf 93' lang='lat' dir='ltr'><strong>neque</strong></span> <span class='ocrx_word' id='word_1_61' title='bbox 632 1098 725 1163; x_wconf 87' lang='lat' dir='ltr'><strong>enim</strong></span> <span class='ocrx_word' id='word_1_62' title='bbox 747 1097 929 1162; x_wconf 90' lang='lat' dir='ltr'><strong>diiudicari</strong></span> <span class='ocrx_word' id='word_1_63' title='bbox 950 1105 1071 1184; x_wconf 83' lang='lat' dir='ltr'><strong>potest,</strong></span> <span class='ocrx_word' id='word_1_64' title='bbox 1092 1104 1208 1164; x_wconf 90' lang='lat' dir='ltr'><strong>utrum</strong></span> <span class='ocrx_word' id='word_1_65' title='bbox 1229 1099 1364 1164; x_wconf 90' lang='lat' dir='ltr'><strong>litterae</strong></span> <span class='ocrx_word' id='word_1_66' title='bbox 1387 1122 1417 1165; x_wconf 91' lang='lat' dir='ltr'><strong>a.</strong></span> <span class='ocrx_word' id='word_1_67' title='bbox 1434 1102 1496 1166; x_wconf 79' lang='lat'><strong>703</strong></span> 
     </span>
     <span class='ocr_line' id='line_1_9' title="bbox 295 1213 697 1279; baseline 0.002 -1"><span class='ocrx_word' id='word_1_68' title='bbox 295 1236 340 1278; x_wconf 92' lang='lat' dir='ltr'><strong>an</strong></span> <span class='ocrx_word' id='word_1_69' title='bbox 362 1236 390 1278; x_wconf 89' lang='lat' dir='ltr'><strong>a.</strong></span> <span class='ocrx_word' id='word_1_70' title='bbox 414 1215 475 1279; x_wconf 79' lang='lat'><strong>704</strong></span> <span class='ocrx_word' id='word_1_71' title='bbox 497 1213 596 1279; x_wconf 90' lang='lat' dir='ltr'><strong>datae</strong></span> <span class='ocrx_word' id='word_1_72' title='bbox 618 1214 697 1279; x_wconf 89' lang='lat' dir='ltr'><strong>sint.</strong></span> 
     </span>
    </p>

    <p class='ocr_par' dir='ltr' id='par_1_5' title="bbox 296 1330 1496 1536">
     <span class='ocr_line' id='line_1_10' title="bbox 394 1330 1496 1416; baseline 0.005 -22"><span class='ocrx_word' id='word_1_73' title='bbox 394 1332 469 1396; x_wconf 90' lang='lat' dir='ltr'><strong>lam</strong></span> <span class='ocrx_word' id='word_1_74' title='bbox 490 1354 581 1415; x_wconf 80' lang='lat' dir='ltr'><strong>vero,</strong></span> <span class='ocrx_word' id='word_1_75' title='bbox 605 1353 671 1415; x_wconf 92' lang='lat' dir='ltr'><strong>quo</strong></span> <span class='ocrx_word' id='word_1_76' title='bbox 697 1330 832 1396; x_wconf 82' lang='lat' dir='ltr'><strong>facilius</strong></span> <span class='ocrx_word' id='word_1_77' title='bbox 859 1331 1093 1416; x_wconf 81' lang='lat' dir='ltr'><strong>intellegatur,</strong></span> <span class='ocrx_word' id='word_1_78' title='bbox 1118 1332 1253 1397; x_wconf 86' lang='lat' dir='ltr'><strong>etiamsi</strong></span> <span class='ocrx_word' id='word_1_79' title='bbox 1278 1332 1368 1398; x_wconf 89' lang='lat' dir='ltr'><strong>nihil</strong></span> <span class='ocrx_word' id='word_1_80' title='bbox 1388 1333 1496 1400; x_wconf 89' lang='lat' dir='ltr'><strong>inter·</strong></span> 
     </span>
     <span class='ocr_line' id='line_1_11' title="bbox 296 1446 1493 1536; baseline 0.004 -25"><span class='ocrx_word' id='word_1_81' title='bbox 296 1446 402 1530; x_wconf 80' lang='lat' dir='ltr'><strong>cedat,</strong></span> <span class='ocrx_word' id='word_1_82' title='bbox 416 1447 595 1531; x_wconf 90' lang='lat' dir='ltr'><strong>quominus</strong></span> <span class='ocrx_word' id='word_1_83' title='bbox 611 1448 746 1513; x_wconf 75' lang='lat' dir='ltr'><strong>litterae</strong></span> <span class='ocrx_word' id='word_1_84' title='bbox 763 1455 797 1512; x_wconf 93' lang='lat' dir='ltr'><strong>et</strong></span> <span class='ocrx_word' id='word_1_85' title='bbox 808 1449 852 1512; x_wconf 90' lang='lat' dir='ltr'><strong>ad</strong></span> <span class='ocrx_word' id='word_1_86' title='bbox 864 1448 1049 1513; x_wconf 82' lang='lat' dir='ltr'><strong>Thermum</strong></span> <span class='ocrx_word' id='word_1_87' title='bbox 1064 1456 1099 1513; x_wconf 89' lang='lat' dir='ltr'><strong>et</strong></span> <span class='ocrx_word' id='word_1_88' title='bbox 1113 1449 1157 1514; x_wconf 87' lang='lat' dir='ltr'><strong>ad</strong></span> <span class='ocrx_word' id='word_1_89' title='bbox 1169 1449 1293 1514; x_wconf 81' lang='lat' dir='ltr'><strong>Silium</strong></span> <span class='ocrx_word' id='word_1_90' title='bbox 1308 1470 1347 1514; x_wconf 91' lang='lat' dir='ltr'><strong>eo</strong></span> <span class='ocrx_word' id='word_1_91' title='bbox 1363 1449 1493 1536; x_wconf 79' lang='lat' dir='ltr'><strong>ordine,</strong></span> 
     </span>
    </p>
   </div>
   <div class='ocr_carea' id='block_1_5' title="bbox 296 1563 1627 1768">
    <p class='ocr_par' dir='ltr' id='par_1_6' title="bbox 296 1563 1627 1768">
     <span class='ocr_line' id='line_1_12' title="bbox 296 1563 1627 1652; baseline 0.005 -24"><span class='ocrx_word' id='word_1_92' title='bbox 296 1585 361 1648; x_wconf 93' lang='lat' dir='ltr'><strong>quo</strong></span> <span class='ocrx_word' id='word_1_93' title='bbox 383 1563 448 1628; x_wconf 92' lang='lat' dir='ltr'><strong>hoc</strong></span> <span class='ocrx_word' id='word_1_94' title='bbox 470 1564 802 1630; x_wconf 86' lang='lat' dir='ltr'><strong>commendationum</strong></span> <span class='ocrx_word' id='word_1_95' title='bbox 824 1565 911 1630; x_wconf 92' lang='lat' dir='ltr'><strong>libro</strong></span> <span class='ocrx_word' id='word_1_96' title='bbox 928 1565 1156 1649; x_wconf 82' lang='lat' dir='ltr'><strong>continentur,</strong></span> <span class='ocrx_word' id='word_1_97' title='bbox 1171 1565 1295 1630; x_wconf 82' lang='lat' dir='ltr'><strong>missae</strong></span> <span class='ocrx_word' id='word_1_98' title='bbox 1311 1566 1389 1652; x_wconf 82' lang='lat' dir='ltr'><strong>sint,</strong></span> <span class='ocrx_word' id='word_1_99' title='bbox 1412 1567 1496 1634; x_wconf 92' lang='lat' dir='ltr'><strong>inde</strong></span> <span class='ocrx_word' id='word_1_100' title='bbox 1626 1597 1627 1608; x_wconf 53' lang='lat'>¹</span> 
     </span>
     <span class='ocr_line' id='line_1_13' title="bbox 296 1679 1627 1768; baseline 0.003 -23"><span class='ocrx_word' id='word_1_101' title='bbox 296 1679 413 1764; x_wconf 84' lang='lat' dir='ltr'><strong>colligi</strong></span> <span class='ocrx_word' id='word_1_102' title='bbox 423 1701 494 1744; x_wconf 92' lang='lat' dir='ltr'><strong>non</strong></span> <span class='ocrx_word' id='word_1_103' title='bbox 505 1702 604 1766; x_wconf 89' lang='lat' dir='ltr'><strong>posse</strong></span> <span class='ocrx_word' id='word_1_104' title='bbox 616 1681 705 1746; x_wconf 90' lang='lat' dir='ltr'><strong>hano</strong></span> <span class='ocrx_word' id='word_1_105' title='bbox 721 1682 944 1767; x_wconf 83' lang='lat' dir='ltr'><strong>epistularum</strong></span> <span class='ocrx_word' id='word_1_106' title='bbox 955 1682 1080 1746; x_wconf 90' lang='lat' dir='ltr'><strong>seriem</strong></span> <span class='ocrx_word' id='word_1_107' title='bbox 1095 1705 1177 1765; x_wconf 86' lang='lat' dir='ltr'><strong>esse,</strong></span> <span class='ocrx_word' id='word_1_108' title='bbox 1189 1705 1298 1768; x_wconf 86' lang='lat' dir='ltr'><strong>pauca</strong></span> <span class='ocrx_word' id='word_1_109' title='bbox 1312 1683 1495 1749; x_wconf 84' lang='lat' dir='ltr'><strong>afferamus</strong></span> <span class='ocrx_word' id='word_1_110' title='bbox 1626 1713 1627 1740; x_wconf 76' lang='lat'><em>2</em></span> 
     </span>
    </p>
   </div>
   <div class='ocr_carea' id='block_1_6' title="bbox 242 1795 1498 2934">
    <p class='ocr_par' dir='ltr' id='par_1_7' title="bbox 242 1795 1497 2817">
     <span class='ocr_line' id='line_1_14' title="bbox 295 1795 1496 1885; baseline 0.005 -25"><span class='ocrx_word' id='word_1_111' title='bbox 295 1795 337 1861; x_wconf 90' lang='lat' dir='ltr'><strong>de</strong></span> <span class='ocrx_word' id='word_1_112' title='bbox 360 1796 483 1862; x_wconf 89' lang='lat' dir='ltr'><strong>ceteris</strong></span> <span class='ocrx_word' id='word_1_113' title='bbox 505 1797 605 1862; x_wconf 92' lang='lat' dir='ltr'><strong>huius</strong></span> <span class='ocrx_word' id='word_1_114' title='bbox 631 1797 712 1862; x_wconf 90' lang='lat' dir='ltr'><strong>libri</strong></span> <span class='ocrx_word' id='word_1_115' title='bbox 740 1799 905 1885; x_wconf 77' lang='lat' dir='ltr'><strong>epistulis,</strong></span> <span class='ocrx_word' id='word_1_116' title='bbox 949 1799 1142 1884; x_wconf 84' lang='lat' dir='ltr'><strong>Epistulam</strong></span> <span class='ocrx_word' id='word_1_117' title='bbox 1163 1799 1257 1863; x_wconf 91' lang='grc' dir='ltr'><strong>ΧΠΙ</strong></span> <span class='ocrx_word' id='word_1_118' title='bbox 1277 1800 1319 1864; x_wconf 89' lang='grc'><strong>68</strong></span> <span class='ocrx_word' id='word_1_119' title='bbox 1347 1801 1496 1885; x_wconf 88' lang='lat' dir='ltr'><strong>primam</strong></span> 
     </span>
     <span class='ocr_line' id='line_1_15' title="bbox 295 1913 1492 2002; baseline 0.003 -24"><span class='ocrx_word' id='word_1_120' title='bbox 295 1913 339 1978; x_wconf 92' lang='lat' dir='ltr'><strong>ad</strong></span> <span class='ocrx_word' id='word_1_121' title='bbox 361 1913 546 1978; x_wconf 83' lang='lat' dir='ltr'><strong>Servilium</strong></span> <span class='ocrx_word' id='word_1_122' title='bbox 578 1915 718 1980; x_wconf 90' lang='lat' dir='ltr'><strong>missam</strong></span> <span class='ocrx_word' id='word_1_123' title='bbox 750 1937 833 1999; x_wconf 78' lang='lat' dir='ltr'><strong>esse,</strong></span> <span class='ocrx_word' id='word_1_124' title='bbox 864 1914 901 1979; x_wconf 88' lang='lat' dir='ltr'><strong>id</strong></span> <span class='ocrx_word' id='word_1_125' title='bbox 929 1922 980 1980; x_wconf 92' lang='lat' dir='ltr'><strong>est</strong></span> <span class='ocrx_word' id='word_1_126' title='bbox 1006 1916 1148 1980; x_wconf 85' lang='grc'>001066</span> <span class='ocrx_word' id='word_1_127' title='bbox 1171 1917 1275 2001; x_wconf 76' lang='grc'>0167,</span> <span class='ocrx_word' id='word_1_128' title='bbox 1303 1939 1345 1981; x_wconf 85' lang='lat' dir='ltr'><strong>ex</strong></span> <span class='ocrx_word' id='word_1_129' title='bbox 1372 1916 1492 2002; x_wconf 88' lang='lat' dir='ltr'><strong>primis</strong></span> 
     </span>
     <span class='ocr_line' id='line_1_16' title="bbox 296 2030 1494 2117; baseline 0.003 -23"><span class='ocrx_word' id='word_1_130' title='bbox 296 2031 461 2116; x_wconf 90' lang='lat' dir='ltr'><strong>epistulae</strong></span> <span class='ocrx_word' id='word_1_131' title='bbox 482 2030 599 2096; x_wconf 88' lang='lat' dir='ltr'><strong>verbis</strong></span> <span class='ocrx_word' id='word_1_132' title='bbox 624 2031 837 2117; x_wconf 85' lang='lat' dir='ltr'><strong>perspicitur.</strong></span> <span class='ocrx_word' id='word_1_133' title='bbox 884 2032 1097 2116; x_wconf 77' lang='lat' dir='ltr'><strong>Quamquam</strong></span> <span class='ocrx_word' id='word_1_134' title='bbox 1128 2032 1212 2116; x_wconf 90' lang='lat' dir='ltr'><strong>haec</strong></span> <span class='ocrx_word' id='word_1_135' title='bbox 1245 2033 1392 2117; x_wconf 87' lang='lat' dir='ltr'><strong>epistula</strong></span> <span class='ocrx_word' id='word_1_136' title='bbox 1407 2056 1494 2098; x_wconf 83' lang='lat' dir='ltr'><strong>non</strong></span> 
     </span>
     <span class='ocr_line' id='line_1_17' title="bbox 295 2147 1497 2226; baseline 0.002 -14"><span class='ocrx_word' id='word_1_137' title='bbox 295 2147 578 2214; x_wconf 88' lang='lat' dir='ltr'><strong>commendaticia</strong></span> <span class='ocrx_word' id='word_1_138' title='bbox 601 2155 663 2213; x_wconf 90' lang='lat' dir='ltr'><strong>est.</strong></span> <span class='ocrx_word' id='word_1_139' title='bbox 705 2148 807 2212; x_wconf 89' lang='lat' dir='ltr'><strong>Mitto</strong></span> <span class='ocrx_word' id='word_1_140' title='bbox 829 2148 962 2214; x_wconf 90' lang='lat' dir='ltr'><strong>litteras</strong></span> <span class='ocrx_word' id='word_1_141' title='bbox 984 2148 1027 2212; x_wconf 87' lang='lat' dir='ltr'><strong>ad</strong></span> <span class='ocrx_word' id='word_1_142' title='bbox 1051 2148 1090 2226; x_wconf 76' lang='lat' dir='ltr'><strong>Q.</strong></span> <span class='ocrx_word' id='word_1_143' title='bbox 1113 2149 1289 2214; x_wconf 85' lang='lat' dir='ltr'><strong>Valerium</strong></span> <span class='ocrx_word' id='word_1_144' title='bbox 1312 2148 1435 2214; x_wconf 89' lang='lat' dir='ltr'><strong>Orcam</strong></span> <span class='ocrx_word' id='word_1_145' title='bbox 1457 2151 1497 2215; x_wconf 77' lang='lat'><strong>6²</strong></span> 
     </span>
     <span class='ocr_line' id='line_1_18' title="bbox 295 2261 1495 2351; baseline 0.003 -24"><span class='ocrx_word' id='word_1_146' title='bbox 295 2270 330 2328; x_wconf 91' lang='lat' dir='ltr'><strong>et</strong></span> <span class='ocrx_word' id='word_1_147' title='bbox 343 2264 384 2327; x_wconf 69' lang='lat'><strong>6¹³</strong></span> <span class='ocrx_word' id='word_1_148' title='bbox 400 2264 508 2327; x_wconf 91' lang='lat' dir='ltr'><strong>multo</strong></span> <span class='ocrx_word' id='word_1_149' title='bbox 524 2270 603 2328; x_wconf 91' lang='lat' dir='ltr'><strong>ante</strong></span> <span class='ocrx_word' id='word_1_150' title='bbox 626 2263 789 2350; x_wconf 84' lang='lat' dir='ltr'><strong>epistulas</strong></span> <span class='ocrx_word' id='word_1_151' title='bbox 804 2264 826 2327; x_wconf 85' lang='lat'><strong>4</strong></span> <span class='ocrx_word' id='word_1_152' title='bbox 841 2271 875 2328; x_wconf 93' lang='lat' dir='ltr'><strong>et</strong></span> <span class='ocrx_word' id='word_1_153' title='bbox 889 2265 910 2327; x_wconf 84' lang='lat'><strong>5</strong></span> <span class='ocrx_word' id='word_1_154' title='bbox 926 2263 1022 2328; x_wconf 86' lang='lat' dir='ltr'><strong>datas</strong></span> <span class='ocrx_word' id='word_1_155' title='bbox 1038 2286 1125 2344; x_wconf 88' lang='lat' dir='ltr'><strong>esse;</strong></span> <span class='ocrx_word' id='word_1_156' title='bbox 1148 2286 1229 2328; x_wconf 91' lang='lat' dir='ltr'><strong>nam</strong></span> <span class='ocrx_word' id='word_1_157' title='bbox 1242 2261 1339 2348; x_wconf 53' lang='lat' dir='ltr'><strong>&#39;quod</strong></span> <span class='ocrx_word' id='word_1_158' title='bbox 1360 2272 1495 2351; x_wconf 82' lang='lat' dir='ltr'><strong>putant,</strong></span> 
     </span>
     <span class='ocr_line' id='line_1_19' title="bbox 293 2379 1496 2466; baseline 0.002 -22"><span class='ocrx_word' id='word_1_159' title='bbox 293 2380 331 2445; x_wconf 66' lang='grc' dir='ltr'><strong>6ίι</strong></span> <span class='ocrx_word' id='word_1_160' title='bbox 353 2387 388 2444; x_wconf 88' lang='grc'><strong>01</strong></span> <span class='ocrx_word' id='word_1_161' title='bbox 409 2380 448 2444; x_wconf 69' lang='lat'><strong>6¹&gt;</strong></span> <span class='ocrx_word' id='word_1_162' title='bbox 470 2403 560 2445; x_wconf 92' lang='lat' dir='ltr'><strong>anno</strong></span> <span class='ocrx_word' id='word_1_163' title='bbox 575 2381 638 2446; x_wconf 83' lang='grc'><strong>698</strong></span> <span class='ocrx_word' id='word_1_164' title='bbox 659 2381 802 2466; x_wconf 86' lang='lat' dir='ltr'><strong>scriptas</strong></span> <span class='ocrx_word' id='word_1_165' title='bbox 825 2403 907 2465; x_wconf 87' lang='lat' dir='ltr'><strong>esse,</strong></span> <span class='ocrx_word' id='word_1_166' title='bbox 930 2379 1054 2444; x_wconf 90' lang='lat' dir='ltr'><strong>nititur</strong></span> <span class='ocrx_word' id='word_1_167' title='bbox 1071 2379 1174 2445; x_wconf 90' lang='lat' dir='ltr'><strong>dubio</strong></span> <span class='ocrx_word' id='word_1_168' title='bbox 1196 2381 1257 2446; x_wconf 89' lang='lat' dir='ltr'><strong>illo</strong></span> <span class='ocrx_word' id='word_1_169' title='bbox 1279 2389 1496 2466; x_wconf 81' lang='lat' dir='ltr'><strong>argumento,</strong></span> 
     </span>
     <span class='ocr_line' id='line_1_20' title="bbox 242 2496 1496 2583; baseline 0.002 -21"><span class='ocrx_word' id='word_1_170' title='bbox 242 2579 244 2582; x_wconf 13' lang='grc' dir='ltr'><strong><em>ι</em></strong></span> <span class='ocrx_word' id='word_1_171' title='bbox 295 2497 386 2582; x_wconf 90' lang='lat' dir='ltr'><strong>quod</strong></span> <span class='ocrx_word' id='word_1_172' title='bbox 399 2497 437 2561; x_wconf 93' lang='lat' dir='ltr'><strong>in</strong></span> <span class='ocrx_word' id='word_1_173' title='bbox 452 2497 605 2563; x_wconf 87' lang='lat' dir='ltr'><strong>oratione</strong></span> <span class='ocrx_word' id='word_1_174' title='bbox 620 2504 697 2583; x_wconf 87' lang='lat' dir='ltr'><strong>post</strong></span> <span class='ocrx_word' id='word_1_175' title='bbox 712 2497 862 2562; x_wconf 90' lang='lat' dir='ltr'><strong>reditum</strong></span> <span class='ocrx_word' id='word_1_176' title='bbox 876 2497 913 2561; x_wconf 91' lang='lat' dir='ltr'><strong>in</strong></span> <span class='ocrx_word' id='word_1_177' title='bbox 929 2503 1049 2561; x_wconf 91' lang='lat' dir='ltr'><strong>senatu</strong></span> <span class='ocrx_word' id='word_1_178' title='bbox 1063 2496 1181 2562; x_wconf 95' lang='lat' dir='ltr'><strong>habita</strong></span> <span class='ocrx_word' id='word_1_179' title='bbox 1196 2497 1268 2577; x_wconf 73' lang='lat'><strong>§23</strong></span> <span class='ocrx_word' id='word_1_180' title='bbox 1284 2497 1323 2574; x_wconf 75' lang='lat' dir='ltr'><strong>Q.</strong></span> <span class='ocrx_word' id='word_1_181' title='bbox 1335 2497 1496 2564; x_wconf 89' lang='lat' dir='ltr'><strong>Valerius</strong></span> 
     </span>
     <span class='ocr_line' id='line_1_21' title="bbox 292 2613 1495 2702; baseline 0.001 -23"><span class='ocrx_word' id='word_1_182' title='bbox 292 2621 430 2701; x_wconf 87' lang='lat' dir='ltr'><strong>praetor</strong></span> <span class='ocrx_word' id='word_1_183' title='bbox 452 2621 745 2680; x_wconf 89' lang='lat' dir='ltr'><strong>commemoratur.</strong></span> <span class='ocrx_word' id='word_1_184' title='bbox 789 2613 901 2690; x_wconf 78' lang='lat' dir='ltr'><strong>Quid?</strong></span> <span class='ocrx_word' id='word_1_185' title='bbox 927 2613 1018 2697; x_wconf 91' lang='lat' dir='ltr'><strong>quod</strong></span> <span class='ocrx_word' id='word_1_186' title='bbox 1039 2635 1091 2698; x_wconf 91' lang='lat' dir='ltr'><strong>ep.</strong></span> <span class='ocrx_word' id='word_1_187' title='bbox 1114 2613 1155 2702; x_wconf 76' lang='lat'><strong>74</strong></span> <span class='ocrx_word' id='word_1_188' title='bbox 1176 2613 1306 2699; x_wconf 89' lang='lat' dir='ltr'><strong>Oppius</strong></span> <span class='ocrx_word' id='word_1_189' title='bbox 1328 2613 1495 2700; x_wconf 88' lang='lat' dir='ltr'><strong>Philippo</strong></span> 
     </span>
     <span class='ocr_line' id='line_1_22' title="bbox 296 2729 1495 2817; baseline 0 -21"><span class='ocrx_word' id='word_1_190' title='bbox 296 2730 560 2816; x_wconf 78' lang='lat' dir='ltr'><strong>commendatur,</strong></span> <span class='ocrx_word' id='word_1_191' title='bbox 584 2753 635 2816; x_wconf 89' lang='lat' dir='ltr'><strong>ep.</strong></span> <span class='ocrx_word' id='word_1_192' title='bbox 659 2732 699 2795; x_wconf 82' lang='lat'><strong>73</strong></span> <span class='ocrx_word' id='word_1_193' title='bbox 722 2731 870 2817; x_wconf 89' lang='lat' dir='ltr'><strong>Oppium</strong></span> <span class='ocrx_word' id='word_1_194' title='bbox 891 2730 1053 2816; x_wconf 91' lang='lat' dir='ltr'><strong>Philippo</strong></span> <span class='ocrx_word' id='word_1_195' title='bbox 1081 2751 1180 2794; x_wconf 91' lang='lat' dir='ltr'><strong>curae</strong></span> <span class='ocrx_word' id='word_1_196' title='bbox 1206 2729 1312 2794; x_wconf 84' lang='lat' dir='ltr'><strong>fuisse</strong></span> <span class='ocrx_word' id='word_1_197' title='bbox 1334 2731 1495 2814; x_wconf 84' lang='lat' dir='ltr'><strong>legimus.</strong></span> 
     </span>
    </p>

    <p class='ocr_par' dir='ltr' id='par_1_8' title="bbox 394 2845 1498 2934">
     <span class='ocr_line' id='line_1_23' title="bbox 394 2845 1498 2934; baseline 0 -22"><span class='ocrx_word' id='word_1_198' title='bbox 394 2848 618 2934; x_wconf 91' lang='lat' dir='ltr'><strong>Perspicuum</strong></span> <span class='ocrx_word' id='word_1_199' title='bbox 639 2847 747 2931; x_wconf 85' lang='lat' dir='ltr'><strong>igitur</strong></span> <span class='ocrx_word' id='word_1_200' title='bbox 770 2854 822 2912; x_wconf 91' lang='lat' dir='ltr'><strong>est</strong></span> <span class='ocrx_word' id='word_1_201' title='bbox 844 2848 881 2912; x_wconf 90' lang='lat' dir='ltr'><strong>in</strong></span> <span class='ocrx_word' id='word_1_202' title='bbox 900 2847 1057 2933; x_wconf 85' lang='lat' dir='ltr'><strong>epistulis</strong></span> <span class='ocrx_word' id='word_1_203' title='bbox 1080 2845 1276 2930; x_wconf 84' lang='lat' dir='ltr'><strong>digerendis</strong></span> <span class='ocrx_word' id='word_1_204' title='bbox 1298 2853 1498 2930; x_wconf 88' lang='lat' dir='ltr'><strong>temporum</strong></span> 
     </span>
    </p>
   </div>
   <div class='ocr_carea' id='block_1_7' title="bbox 294 2962 1627 3046">
    <p class='ocr_par' dir='ltr' id='par_1_9' title="bbox 294 2962 1627 3046">
     <span class='ocr_line' id='line_1_24' title="bbox 294 2962 1627 3046; baseline -0.002 -15"><span class='ocrx_word' id='word_1_205' title='bbox 294 2964 450 3031; x_wconf 86' lang='lat' dir='ltr'><strong>ordinem</strong></span> <span class='ocrx_word' id='word_1_206' title='bbox 471 2987 541 3030; x_wconf 92' lang='lat' dir='ltr'><strong>non</strong></span> <span class='ocrx_word' id='word_1_207' title='bbox 563 2971 737 3029; x_wconf 90' lang='lat' dir='ltr'><strong>servatum</strong></span> <span class='ocrx_word' id='word_1_208' title='bbox 760 2986 842 3028; x_wconf 88' lang='grc'>0000.</span> <span class='ocrx_word' id='word_1_209' title='bbox 888 2963 1101 3046; x_wconf 80' lang='lat' dir='ltr'><strong>Quamquam</strong></span> <span class='ocrx_word' id='word_1_210' title='bbox 1126 2963 1262 3028; x_wconf 91' lang='lat' dir='ltr'><strong>litterae</strong></span> <span class='ocrx_word' id='word_1_211' title='bbox 1285 2970 1319 3028; x_wconf 90' lang='lat' dir='ltr'><strong>et</strong></span> <span class='ocrx_word' id='word_1_212' title='bbox 1340 2962 1384 3027; x_wconf 92' lang='lat' dir='ltr'><strong>ad</strong></span> <span class='ocrx_word' id='word_1_213' title='bbox 1406 2963 1499 3029; x_wconf 89' lang='lat' dir='ltr'><strong>Bru-</strong></span> <span class='ocrx_word' id='word_1_214' title='bbox 1626 3005 1627 3036; x_wconf 44' lang='lat'><em>³</em></span> 
     </span>
    </p>
   </div>
   <div class='ocr_carea' id='block_1_8' title="bbox 193 3078 1627 3168">
    <p class='ocr_par' dir='ltr' id='par_1_10' title="bbox 193 3078 1627 3168">
     <span class='ocr_line' id='line_1_25' title="bbox 193 3078 1627 3168; baseline 0 -21"><span class='ocrx_word' id='word_1_215' title='bbox 193 3163 194 3168; x_wconf 8' lang='grc' dir='ltr'>ἵ</span> <span class='ocrx_word' id='word_1_216' title='bbox 293 3090 368 3147; x_wconf 87' lang='grc'><strong>100</strong></span> <span class='ocrx_word' id='word_1_217' title='bbox 389 3081 481 3146; x_wconf 86' lang='grc' dir='ltr'><strong>ΧΠΙ</strong></span> <span class='ocrx_word' id='word_1_218' title='bbox 503 3081 628 3145; x_wconf 80' lang='grc'>10-14</span> <span class='ocrx_word' id='word_1_219' title='bbox 660 3087 694 3145; x_wconf 88' lang='grc'><strong>01</strong></span> <span class='ocrx_word' id='word_1_220' title='bbox 721 3080 765 3145; x_wconf 92' lang='lat' dir='ltr'><strong>ad</strong></span> <span class='ocrx_word' id='word_1_221' title='bbox 792 3079 950 3145; x_wconf 81' lang='lat' dir='ltr'><strong>Servium</strong></span> <span class='ocrx_word' id='word_1_222' title='bbox 976 3078 1167 3165; x_wconf 81' lang='lat' dir='ltr'><strong>Sulpicium</strong></span> <span class='ocrx_word' id='word_1_223' title='bbox 1195 3079 1334 3144; x_wconf 59' lang='lat'><strong>17-2811</strong></span> <span class='ocrx_word' id='word_1_224' title='bbox 1367 3079 1500 3146; x_wconf 88' lang='lat' dir='ltr'><strong>tradito</strong></span> <span class='ocrx_word' id='word_1_225' title='bbox 1626 3133 1627 3146; x_wconf 52' lang='lat'>2</span> 
     </span>
    </p>
   </div>
   <div class='ocr_carea' id='block_1_9' title="bbox 295 3195 1499 3281">
    <p class='ocr_par' dir='ltr' id='par_1_11' title="bbox 295 3195 1499 3281">
     <span class='ocr_line' id='line_1_26' title="bbox 295 3195 1499 3281; baseline -0.002 -18"><span class='ocrx_word' id='word_1_226' title='bbox 295 3198 414 3264; x_wconf 92' lang='lat' dir='ltr'><strong>ordine</strong></span> <span class='ocrx_word' id='word_1_227' title='bbox 428 3197 591 3263; x_wconf 87' lang='lat' dir='ltr'><strong>videntur</strong></span> <span class='ocrx_word' id='word_1_228' title='bbox 609 3198 708 3262; x_wconf 88' lang='lat' dir='ltr'><strong>datae</strong></span> <span class='ocrx_word' id='word_1_229' title='bbox 725 3220 807 3263; x_wconf 89' lang='lat' dir='ltr'><strong>esse.</strong></span> <span class='ocrx_word' id='word_1_230' title='bbox 842 3197 933 3274; x_wconf 78' lang='lat' dir='ltr'><strong>Quid</strong></span> <span class='ocrx_word' id='word_1_231' title='bbox 955 3196 1047 3262; x_wconf 92' lang='lat' dir='ltr'><strong>enim</strong></span> <span class='ocrx_word' id='word_1_232' title='bbox 1069 3197 1181 3281; x_wconf 86' lang='lat' dir='ltr'><strong>aptius</strong></span> <span class='ocrx_word' id='word_1_233' title='bbox 1204 3195 1374 3279; x_wconf 81' lang='lat' dir='ltr'><strong>convenit,</strong></span> <span class='ocrx_word' id='word_1_234' title='bbox 1392 3217 1499 3280; x_wconf 86' lang='lat' dir='ltr'><strong>quam</strong></span> 
     </span>
    </p>
   </div>
   <div class='ocr_carea' id='block_1_10' title="bbox 294 3310 1498 3402">
    <p class='ocr_par' dir='ltr' id='par_1_12' title="bbox 294 3310 1498 3402">
     <span class='ocr_line' id='line_1_27' title="bbox 294 3310 1498 3402; baseline -0.002 -22"><span class='ocrx_word' id='word_1_235' title='bbox 294 3315 443 3402; x_wconf 88' lang='lat' dir='ltr'><strong>primum</strong></span> <span class='ocrx_word' id='word_1_236' title='bbox 466 3321 678 3398; x_wconf 87' lang='lat' dir='ltr'><strong>quaestorem</strong></span> <span class='ocrx_word' id='word_1_237' title='bbox 701 3313 931 3379; x_wconf 88' lang='lat' dir='ltr'><strong>commendari</strong></span> <span class='ocrx_word' id='word_1_238' title='bbox 952 3312 1098 3398; x_wconf 89' lang='lat' dir='ltr'><strong>epistula</strong></span> <span class='ocrx_word' id='word_1_239' title='bbox 1113 3311 1246 3377; x_wconf 88' lang='lat' dir='ltr'><strong>decima</strong></span> <span class='ocrx_word' id='word_1_240' title='bbox 1261 3310 1386 3376; x_wconf 90' lang='lat' dir='ltr'><strong>deinde</strong></span> <span class='ocrx_word' id='word_1_241' title='bbox 1401 3312 1498 3396; x_wconf 88' lang='lat' dir='ltr'><strong>lega-</strong></span> 
     </span>
    </p>
   </div>
   <div class='ocr_carea' id='block_1_11' title="bbox 294 3427 1627 3515">
    <p class='ocr_par' dir='ltr' id='par_1_13' title="bbox 294 3427 1627 3515">
     <span class='ocr_line' id='line_1_28' title="bbox 294 3427 1627 3515; baseline -0.002 -19"><span class='ocrx_word' id='word_1_242' title='bbox 294 3438 348 3497; x_wconf 90' lang='lat' dir='ltr'><strong>tos</strong></span> <span class='ocrx_word' id='word_1_243' title='bbox 375 3431 419 3496; x_wconf 89' lang='lat' dir='ltr'><strong>ad</strong></span> <span class='ocrx_word' id='word_1_244' title='bbox 438 3431 623 3515; x_wconf 84' lang='lat' dir='ltr'><strong>vectigalia</strong></span> <span class='ocrx_word' id='word_1_245' title='bbox 650 3428 819 3513; x_wconf 82' lang='lat' dir='ltr'><strong>exigenda</strong></span> <span class='ocrx_word' id='word_1_246' title='bbox 851 3429 972 3493; x_wconf 89' lang='lat' dir='ltr'><strong>missos</strong></span> <span class='ocrx_word' id='word_1_247' title='bbox 1003 3427 1197 3511; x_wconf 89' lang='lat' dir='ltr'><strong>undecima;</strong></span> <span class='ocrx_word' id='word_1_248' title='bbox 1231 3435 1305 3492; x_wconf 93' lang='lat' dir='ltr'><strong>tum</strong></span> <span class='ocrx_word' id='word_1_249' title='bbox 1337 3429 1498 3494; x_wconf 92' lang='lat' dir='ltr'><strong>homines</strong></span> <span class='ocrx_word' id='word_1_250' title='bbox 1626 3491 1627 3512; x_wconf 26' lang='lat' dir='ltr'><strong>p</strong></span> 
     </span>
    </p>
   </div>
   <div class='ocr_carea' id='block_1_12' title="bbox 293 3544 1494 3749">
    <p class='ocr_par' dir='ltr' id='par_1_14' title="bbox 293 3544 1494 3749">
     <span class='ocr_line' id='line_1_29' title="bbox 293 3544 1494 3634; baseline -0.002 -21"><span class='ocrx_word' id='word_1_251' title='bbox 293 3547 454 3634; x_wconf 85' lang='lat' dir='ltr'><strong>privatos.</strong></span> <span class='ocrx_word' id='word_1_252' title='bbox 487 3547 630 3612; x_wconf 87' lang='lat' dir='ltr'><strong>Litteris</strong></span> <span class='ocrx_word' id='word_1_253' title='bbox 645 3569 746 3633; x_wconf 90' lang='lat' dir='ltr'><strong>porro</strong></span> <span class='ocrx_word' id='word_1_254' title='bbox 762 3545 1055 3611; x_wconf 88' lang='lat' dir='ltr'><strong>commendaticiis</strong></span> <span class='ocrx_word' id='word_1_255' title='bbox 1071 3544 1115 3610; x_wconf 89' lang='lat' dir='ltr'><strong>ad</strong></span> <span class='ocrx_word' id='word_1_256' title='bbox 1130 3544 1288 3610; x_wconf 83' lang='lat' dir='ltr'><strong>Servium</strong></span> <span class='ocrx_word' id='word_1_257' title='bbox 1303 3545 1494 3631; x_wconf 81' lang='lat' dir='ltr'><strong>Sulpicium</strong></span> 
     </span>
     <span class='ocr_line' id='line_1_30' title="bbox 294 3661 1490 3749; baseline -0.004 -20"><span class='ocrx_word' id='word_1_258' title='bbox 294 3663 384 3729; x_wconf 88' lang='lat' dir='ltr'><strong>datis</strong></span> <span class='ocrx_word' id='word_1_259' title='bbox 406 3671 499 3729; x_wconf 90' lang='lat' dir='ltr'><strong>recto</strong></span> <span class='ocrx_word' id='word_1_260' title='bbox 521 3663 640 3728; x_wconf 86' lang='lat' dir='ltr'><strong>ordine</strong></span> <span class='ocrx_word' id='word_1_261' title='bbox 662 3661 871 3749; x_wconf 89' lang='lat' dir='ltr'><strong>respondent</strong></span> <span class='ocrx_word' id='word_1_262' title='bbox 891 3662 1029 3726; x_wconf 86' lang='lat' dir='ltr'><strong>litterae</strong></span> <span class='ocrx_word' id='word_1_263' title='bbox 1046 3661 1168 3746; x_wconf 90' lang='lat' dir='ltr'><strong>quibus</strong></span> <span class='ocrx_word' id='word_1_264' title='bbox 1182 3661 1314 3746; x_wconf 83' lang='lat' dir='ltr'><strong>gratiae</strong></span> <span class='ocrx_word' id='word_1_265' title='bbox 1334 3667 1490 3746; x_wconf 67' lang='lat' dir='ltr'><strong>agimtur,</strong></span> 
     </span>
    </p>
   </div>
   <div class='ocr_carea' id='block_1_13' title="bbox 294 3779 1498 4564">
    <p class='ocr_par' dir='ltr' id='par_1_15' title="bbox 835 3779 955 3844">
     <span class='ocr_line' id='line_1_31' title="bbox 835 3779 955 3844; baseline -0.008 0"><span class='ocrx_word' id='word_1_266' title='bbox 835 3780 897 3844; x_wconf 86' lang='lat'><strong>19:</strong></span> <span class='ocrx_word' id='word_1_267' title='bbox 913 3779 955 3843; x_wconf 80' lang='lat'><strong>24</strong></span> 
     </span>
    </p>

    <p class='ocr_par' dir='ltr' id='par_1_16' title="bbox 833 3895 955 3960">
     <span class='ocr_line' id='line_1_32' title="bbox 833 3895 955 3960; baseline -0.008 -1"><span class='ocrx_word' id='word_1_268' title='bbox 833 3895 955 3960; x_wconf 78' lang='lat'>21:27</span> 
     </span>
    </p>

    <p class='ocr_par' dir='ltr' id='par_1_17' title="bbox 294 4011 1498 4564">
     <span class='ocr_line' id='line_1_33' title="bbox 835 4011 966 4076; baseline -0.008 0"><span class='ocrx_word' id='word_1_269' title='bbox 835 4013 876 4076; x_wconf 79' lang='lat'><strong>26</strong></span> <span class='ocrx_word' id='word_1_270' title='bbox 892 4034 899 4076; x_wconf 93' lang='lat'><strong>:</strong></span> <span class='ocrx_word' id='word_1_271' title='bbox 915 4011 966 4075; x_wconf 77' lang='lat'><strong>28.</strong></span> 
     </span>
     <span class='ocr_line' id='line_1_34' title="bbox 394 4125 1498 4215; baseline -0.005 -20"><span class='ocrx_word' id='word_1_272' title='bbox 394 4130 487 4196; x_wconf 79' lang='lat' dir='ltr'><strong>illud</strong></span> <span class='ocrx_word' id='word_1_273' title='bbox 497 4153 630 4215; x_wconf 91' lang='lat' dir='ltr'><strong>quoque</strong></span> <span class='ocrx_word' id='word_1_274' title='bbox 641 4152 718 4195; x_wconf 89' lang='lat' dir='ltr'><strong>cum</strong></span> <span class='ocrx_word' id='word_1_275' title='bbox 727 4129 793 4194; x_wconf 91' lang='lat' dir='ltr'><strong>hoc</strong></span> <span class='ocrx_word' id='word_1_276' title='bbox 804 4126 923 4194; x_wconf 88' lang='lat' dir='ltr'><strong>ordine</strong></span> <span class='ocrx_word' id='word_1_277' title='bbox 934 4125 1370 4210; x_wconf 89' lang='lat' dir='ltr'><strong>consentaneumest,quod</strong></span> <span class='ocrx_word' id='word_1_278' title='bbox 1380 4125 1498 4211; x_wconf 87' lang='lat' dir='ltr'><strong>prima</strong></span> 
     </span>
     <span class='ocr_line' id='line_1_35' title="bbox 296 4240 1497 4335; baseline -0.005 -23"><span class='ocrx_word' id='word_1_279' title='bbox 296 4247 452 4335; x_wconf 89' lang='lat' dir='ltr'><strong>epistula,</strong></span> <span class='ocrx_word' id='word_1_280' title='bbox 475 4247 620 4334; x_wconf 89' lang='lat' dir='ltr'><strong>septima</strong></span> <span class='ocrx_word' id='word_1_281' title='bbox 642 4246 774 4313; x_wconf 88' lang='lat' dir='ltr'><strong>decima</strong></span> <span class='ocrx_word' id='word_1_282' title='bbox 796 4241 1053 4310; x_wconf 88' lang='lat' dir='ltr'><strong>commendatur</strong></span> <span class='ocrx_word' id='word_1_283' title='bbox 1067 4240 1198 4325; x_wconf 85' lang='lat' dir='ltr'><strong>Curius,</strong></span> <span class='ocrx_word' id='word_1_284' title='bbox 1222 4241 1280 4326; x_wconf 91' lang='lat' dir='ltr'><strong>qui</strong></span> <span class='ocrx_word' id='word_1_285' title='bbox 1292 4242 1497 4307; x_wconf 78' lang='lat' dir='ltr'><strong>Ciceronem</strong></span> 
     </span>
     <span class='ocr_line' id='line_1_36' title="bbox 294 4357 1497 4448; baseline -0.004 -19"><span class='ocrx_word' id='word_1_286' title='bbox 294 4364 446 4448; x_wconf 84' lang='lat' dir='ltr'><strong>rogabat,</strong></span> <span class='ocrx_word' id='word_1_287' title='bbox 468 4371 507 4429; x_wconf 93' lang='lat' dir='ltr'><strong>ut</strong></span> <span class='ocrx_word' id='word_1_288' title='bbox 528 4387 564 4429; x_wconf 89' lang='grc'><strong>00</strong></span> <span class='ocrx_word' id='word_1_289' title='bbox 586 4364 692 4430; x_wconf 83' lang='grc'>01100</span> <span class='ocrx_word' id='word_1_290' title='bbox 713 4361 898 4428; x_wconf 88' lang='lat' dir='ltr'><strong>successori</strong></span> <span class='ocrx_word' id='word_1_291' title='bbox 921 4357 1034 4425; x_wconf 85' lang='lat' dir='ltr'><strong>Servii</strong></span> <span class='ocrx_word' id='word_1_292' title='bbox 1051 4357 1197 4446; x_wconf 87' lang='lat' dir='ltr'><strong>Sulpicii</strong></span> <span class='ocrx_word' id='word_1_293' title='bbox 1218 4357 1497 4446; x_wconf 85' lang='lat' dir='ltr'><strong>quamprimum</strong></span> 
     </span>
     <span class='ocr_line' id='line_1_37' title="bbox 296 4473 1496 4564; baseline -0.003 -18"><span class='ocrx_word' id='word_1_294' title='bbox 296 4481 549 4547; x_wconf 88' lang='lat' dir='ltr'><strong>commendaret</strong></span> <span class='ocrx_word' id='word_1_295' title='bbox 572 4482 629 4564; x_wconf 88' lang='lat' dir='ltr'><strong>(ad</strong></span> <span class='ocrx_word' id='word_1_296' title='bbox 649 4481 730 4548; x_wconf 84' lang='lat' dir='ltr'><strong>fam.</strong></span> <span class='ocrx_word' id='word_1_297' title='bbox 746 4481 816 4546; x_wconf 87' lang='lat' dir='ltr'><strong>VII</strong></span> <span class='ocrx_word' id='word_1_298' title='bbox 829 4481 893 4563; x_wconf 78' lang='lat'><strong>29),</strong></span> <span class='ocrx_word' id='word_1_299' title='bbox 909 4480 1016 4545; x_wconf 84' lang='lat' dir='ltr'><strong>altera</strong></span> <span class='ocrx_word' id='word_1_300' title='bbox 1037 4484 1151 4545; x_wconf 89' lang='lat' dir='ltr'><strong>autem</strong></span> <span class='ocrx_word' id='word_1_301' title='bbox 1173 4476 1321 4564; x_wconf 89' lang='lat' dir='ltr'><strong>epistula</strong></span> <span class='ocrx_word' id='word_1_302' title='bbox 1342 4473 1496 4542; x_wconf 85' lang='lat' dir='ltr'><strong>Atticus.</strong></span> 
     </span>
    </p>
   </div>
   <div class='ocr_carea' id='block_1_14' title="bbox 0 0 1636 4926">
    <p class='ocr_par' dir='ltr' id='par_1_18' title="bbox 0 0 1636 4926">
     <span class='ocr_line' id='line_1_38' title="bbox 0 0 1636 4926; baseline 0 0"><span class='ocrx_word' id='word_1_303' title='bbox 0 0 1636 4926; x_wconf 95' lang='lat' dir='ltr'><strong> </strong></span> 
     </span>
    </p>
   </div>
  </div>
 </body>
</html>
