3262 4926
447 707 786 814 CAPUT
832 707 919 811 III.

660 961 731 1040 §L

196 1109 229 1174 A
252 1108 456 1174 Pindenisso
479 1109 598 1174 Cicero
620 1131 656 1174 se
672 1109 816 1175 Tarsum
836 1109 975 1196 recepit.
1012 1107 1045 1172 A
1066 1108 1171 1174 Tarso
1192 1109 1293 1174 nonis

92 1226 273 1294 Januariis
295 1226 333 1291 in
354 1225 475 1291 Asiam
495 1225 668 1311 profectus
692 1233 744 1290 est
766 1224 823 1307 (ad
842 1226 915 1292 Att.
931 1226 962 1291 V
976 1227 1027 1311 21,
1043 1226 1088 1308 7).
1121 1225 1164 1290 Α.
1185 1225 1216 1292 d.
1239 1225 1294 1289 ΙΠ

92 1345 137 1409 id.
161 1343 267 1410 Febr.
290 1341 496 1433 Laodiceam
518 1342 616 1408 venit
638 1340 698 1424 (ad
719 1342 792 1408 Att.
808 1342 841 1406 V
854 1341 921 1424 21).
953 1341 1011 1406 Ad
1032 1342 1185 1429 Appium
1204 1343 1294 1407 1117

94 1459 269 1526 Laodicea
293 1459 372 1524 data
394 1466 446 1524 est
466 1480 499 1524 v·
521 1462 542 1539 ξ
565 1459 581 1522 1
604 1480 674 1523 non
695 1466 797 1524 antea
818 1459 925 1543 igitur
947 1481 1048 1544 quam
1070 1481 1098 1524 a.
1122 1459 1154 1524 d.
1171 1459 1226 1524 ΠΙ
1248 1460 1293 1525 id.

96 1577 195 1642 Febr.
241 1574 299 1640 Ad
320 1575 477 1640 Atticum
498 1575 529 1640 V
551 1574 590 1639 21
613 1574 659 1640 id.
681 1575 878 1642 Februariis
901 1579 944 1658 (v.
969 1580 988 1656 ἕ
1010 1577 1055 1658 9).

194 1693 276 1760 Una
298 1714 375 1757 cum
400 1692 530 1758 litteris
556 1691 703 1779 publicis
735 1693 868 1758 litteras
900 1692 944 1758 ad
976 1693 1132 1759 consules
1153 1692 1223 1758 XV
1245 1695 1294 1760 10.

103 1810 166 1874 XV
177 1811 216 1874 13
229 1817 264 1874 et
279 1808 323 1874 ad
334 1809 499 1876 Catonem
509 1810 611 1875 XV4
624 1811 744 1875 missas
760 1833 834 1875 esse
855 1810 893 1874 in
907 1810 962 1874 his
977 1809 1134 1896 epistulis
1149 1811 1295 1895 legimus

103 1929 166 1992 XV
188 1929 237 2011 10,
261 1927 279 1990 1
304 1943 337 1992 ut
358 1953 450 2014 quom
471 1928 817 2014 honorificentissimum
838 1944 964 1993 secatus
991 1931 1159 1994 consultam
1181 1931 1296 1994 litteris

101 2051 175 2110 lueis
196 2049 340 2110 recitatis
351 2045 548 2130 faciundum
563 2071 661 2111 cares.
697 2045 766 2110 XV
782 2045 867 2129 13,3
890 2047 1003 2134 dr'paos
1025 2071 1075 2111 ree
1097 2072 1160 2110 essa
1181 2047 1295 2111 bonore

97 2179 124 2228 et
142 2165 353 2252 promotione
377 2187 538 2250 copcosoes
560 2189 598 2227 etc
621 2167 664 2228 iis
687 2165 811 2246 litteris,
834 2189 912 2250 quoe
934 2165 978 2228 od
997 2179 1024 2228 te
1046 2178 1074 2227 at
1100 2165 1246 2252 colleyam
1268 2179 1296 2228 et

97 2297 236 2346 secutam
262 2283 390 2367 publice
422 2283 507 2345 irrasi.
550 2278 620 2343 XV
643 2279 672 2362 4,
704 2280 742 2343 11
768 2284 800 2344 si
825 2283 863 2345 de
893 2284 936 2346 iis
965 2283 1056 2345 rebus
1083 2281 1127 2345 od
1158 2259 1295 2377 saucium

99 2401 227 2463 reditum
249 2401 301 2462 sit.

197 2511 268 2578 Sed
299 2521 392 2578 recte
419 2513 511 2585 ,mihi
542 2513 681 2579 videtur
707 2513 924 2579 Hofmannus
957 2513 1208 2580 demonstrasse
1240 2513 1296 2596 (de

96 2631 181 2714 orig.
205 2630 238 2695 b.
263 2653 290 2694 c.
312 2653 344 2716 p.
367 2631 421 2710 58)
444 2631 644 2696 Ciceronem
672 2629 805 2696 litteras
827 2629 872 2696 ad
898 2637 1053 2696 senatum
1081 2653 1161 2697 non.
1182 2653 1212 2696 a.
1235 2631 1297 2696 703

95 2748 158 2814 sed
180 2769 210 2812 a,
234 2747 297 2813 704
317 2769 434 2812 mense
455 2746 642 2812 Februario
664 2746 807 2812 misisse.
850 2747 939 2813 Nam
960 2746 1297 2812 harum-litterarum

96 2865 193 2930 nulla
223 2864 364 2929 inicitur
389 2864 519 2930 mentio
545 2863 583 2928 in
604 2884 656 2949 ep.
679 2864 723 2930 ad
744 2863 817 2930 Att.
839 2865 872 2929 V
893 2865 943 2949 21,
974 2885 1178 2949 quamquam
1202 2865 1297 2930 locus

99 2988 171 3047 erat
205 2987 306 3066 aptus
339 2983 359 3061 ξ
388 2981 408 3044 2
440 2980 501 3046 ubi
533 2979 648 3065 agitur
681 2980 723 3046 de
755 2980 892 3046 litteris.
935 2980 984 3046 At
1016 2980 1053 3045 in
1080 2980 1227 3066 epistula
1253 2980 1298 3046 ad

98 3099 171 3164 Att.
195 3097 248 3162 VI
264 3098 291 3182 1,
314 3118 415 3180 quam
437 3119 465 3163 a.
489 3097 520 3162 d.
541 3097 578 3162 X
591 3097 624 3162 lr.
647 3098 747 3163 Mart.
770 3096 985 3180 obsignatam
1007 3119 1081 3163 esse
1102 3117 1182 3162 mox
1202 3096 1297 3162 vide·
1381 3155 1384 3160 .

97 3215 222 3297 bimuS,
251 3213 335 3294 haec
362 3213 490 3300 scripta
512 3220 592 3278 sunt
613 3215 674 3295 §9
704 3217 815 3300 quibas
843 3216 879 3279 dc
911 3217 1002 3279 rebus
1026 3230 1160 3303 propter
1192 3241 1296 3280 cusum

96 3333 277 3422 cacabunda·
303 3357 366 3419 par
398 3335 487 3397 babos
522 3335 702 3398 tabellarios
734 3336 812 3398 oaesi
842 3333 974 3397 Romam
1009 3335 1130 3398 litteras
1157 3335 1296 3419 publice.

96 3449 257 3532 Denique
280 3448 317 3512 in
339 3470 391 3534 ep.
414 3447 458 3512 ad
480 3447 632 3534 Appium
646 3447 745 3531 1119,
768 3469 869 3531 quam
889 3453 967 3536 post
989 3469 1041 3532 ep.
1064 3446 1108 3511 ad
1121 3446 1196 3512 Att.
1212 3447 1296 3513 Vll

96 3565 239 3631 missam
266 3586 340 3630 esse
368 3562 685 3646 demonstrabimus,
720 3563 839 3628 Cicero
873 3584 950 3626 cum
982 3563 1114 3628 litteras
1143 3564 1298 3650 publicas

98 3689 352 3766 commemorat,
378 3687 452 3746 tum
481 3680 646 3767 Appium,
674 3687 712 3744 ut
740 3680 1006 3765 supplicationes
1034 3681 1099 3746 sibi
1127 3681 1297 3766 decernat,

98 3806 207 3884 rogat¹
252 3797 353 3864 Adde
376 3797 465 3883 quod
488 3797 607 3864 Cicero
629 3819 699 3862 non
720 3797 815 3882 prius
841 3797 1007 3862 sollicitus
1033 3805 1118 3883 erat,
1147 3799 1229 3884 quid
1254 3799 1297 3866 de

100 3899 410 4002 supplicationibus
422 3922 536 3980 actum
548 3921 638 3980 esset
653 3936 754 3999 quam
769 3912 997 3979 menseJunio
1010 3914 1068 3994 (ad
1078 3915 1241 4000 AttV14,
1251 3917 1297 4000 2).

100 4033 196 4110 Quae
219 4053 298 4098 cum
320 4033 370 4097 ita
390 4032 469 4117 sint,
492 4031 593 4097 facile
616 4008 1046 4098 concedimus'Hofmanno
1068 4033 1158 4098 inter
1180 4056 1232 4119 ep.
1255 4034 1299 4099 ad

100 4149 173 4216 Att.
197 4151 230 4215 V
251 4149 292 4214 21
316 4156 350 4214 et
371 4149 422 4214 VI
446 4150 462 4213 1
484 4149 617 4214 litteras
640 4149 794 4234 publicas
817 4147 937 4215 missas
960 4169 1043 4215 esse.
1080 4149 1143 4235 Ep.
1166 4150 1210 4215 ad
1224 4150 1296 4217 Att.

100 4267 151 4331 VI
175 4269 194 4332 1.
216 4267 298 4332 data
325 4275 377 4332 est
398 4274 477 4354 post
497 4268 715 4333 Leuctricam
736 4289 888 4353 pugnam
914 4268 969 4334 die
993 4268 1297 4355 septingentesimo

102 4385 315 4470 sexagesimo
338 4385 457 4469 quinto
480 4388 523 4467 (v.
540 4389 563 4466 ξ
574 4385 638 4465 26).
683 4385 826 4450 Constat
835 4385 929 4450 hanc
944 4407 1095 4472 pugnam
1110 4406 1184 4450 esse
1203 4406 1298 4471 proe-

102 4501 189 4566 lium
211 4501 431 4566 Bovillanum
457 4523 522 4586 quo
549 4501 688 4566 Clodius
719 4501 849 4567 occisus
877 4502 922 4567 sit
954 4502 1164 4587 eandemque
1196 4524 1298 4589 supra

1116 4618 1148 4672 3*
