3262 4926
717 226 758 289 57

136 432 226 475 nova
257 408 418 492 refertur;
454 431 519 492 qua
546 409 588 473 de
616 431 653 472 re
681 407 799 473 Cicero
821 408 969 473 Athenis
996 407 1111 473 idibus
1134 408 1337 473 Octobribus

136 527 180 592 ad
207 527 364 591 Atticum
397 526 517 591 scribit
537 527 588 591 VI
609 527 638 610 9,
661 527 690 589 ὃ.
729 525 863 590 Hirtius
895 532 1012 590 narrat
1044 526 1100 608 (de
1132 526 1222 590 bello
1250 525 1337 590 Gall.

136 645 226 710 VIII
247 644 297 708 50.
320 641 383 726 52),
411 642 592 707 Gaesarem
624 665 653 706 a.
676 643 738 708 704
769 643 923 708 hibernis
952 643 1099 728 peractis
1132 643 1169 706 in
1201 642 1339 706 Italiam

137 758 362 842 contendisse,
385 764 424 822 ut
448 758 637 844 municipia
663 766 698 824 et
723 759 872 824 colonias
899 759 1097 845 appellaret,
1122 759 1244 842 quibus
1267 756 1338 821 An-

136 876 225 942 tonii
248 873 477 939 sacerdotium
506 876 790 959 commendasset;
821 882 922 941 antea
943 882 1057 941 autem
1080 898 1180 960 quam
1202 874 1339 944 Italiam

136 992 311 1075 attigisset
321 990 493 1055 audivisse
505 991 697 1056 Antonium
712 1013 876 1075 augurem
891 998 1042 1056 creatum
1054 1015 1141 1075 esse;
1158 991 1339 1060 Caesarem

139 1108 264 1174 deinde
281 1107 439 1172 omnibus
454 1107 652 1190 regionibus
669 1108 800 1173 Galliae
823 1114 958 1192 togatae
977 1108 1192 1194 perlustratis
1208 1127 1341 1183 summa

139 1225 314 1290 celeritate
330 1223 374 1287 ad
395 1223 583 1287 exercitum
598 1224 889 1289 Nemetocennam
911 1224 1040 1288 redisse
1062 1224 1283 1308 legionesque
1298 1245 1340 1288 ex

137 1341 298 1407 omnibus
330 1340 483 1404 hibernis
517 1340 559 1404 ad
592 1339 677 1405 fines
712 1341 936 1406 Treverorum
969 1335 1152 1406 evocasse
1180 1339 1340 1420 Vidimus

136 1457 331 1524 Antonium
353 1478 517 1540 augurem
543 1456 672 1520 factum
705 1480 778 1522 esse
812 1465 957 1524 exeunte
987 1480 1104 1522 mense
1128 1455 1337 1544 Septembri3

137 1577 255 1659 itaque
275 1574 400 1638 Caesar
421 1595 492 1636 non
513 1579 592 1637 ante
615 1595 768 1637 mensem
789 1573 1026 1659 Septembrem
1047 1574 1085 1643 in
1106 1575 1244 1638 Italiam
1265 1595 1341 1659 pro-

138 1692 251 1756 fectus
278 1697 342 1773 est,
378 1689 538 1773 quoniam
571 1696 685 1754 autem
718 1713 835 1756 omnes
861 1692 1019 1775 regiones
1044 1691 1175 1756 Galliae
1205 1697 1341 1774 togatae

139 1807 361 1895 percucurrit,
377 1828 446 1870 non
461 1812 541 1870 ante
560 1829 712 1871 mensem
728 1807 909 1872 Octobrem
929 1808 1117 1872 exercitum
1132 1831 1174 1873 ex
1188 1808 1342 1873 hibernis

141 1925 273 2010 eduxit,
305 1928 365 1992 sed
386 1935 502 1994 tamen
525 1928 583 2013 qui
607 1935 682 1992 tum
704 1935 776 1992 erat
798 1928 925 1992 mensis
948 1927 1095 1992 October
1116 1948 1134 1991 e
1156 1949 1238 1991 vera
1260 1925 1342 1990 anni

139 2045 273 2109 ratione
290 2051 362 2110 erat
378 2045 527 2110 Sextilis.
558 2046 741 2110 Praeterea
756 2046 880 2110 Caesar
901 2045 965 2110 hoo
986 2067 1075 2109 anno
1094 2043 1184 2108 nihil
1203 2041 1327 2125 agebat
1333 2065 1340 2124 ;

139 2167 277 2226 tantum
306 2184 387 2226 sane
415 2163 579 2227 itinerum
611 2162 767 2247 faciebat,
801 2169 967 2248 quantum
992 2161 1073 2227 satis
1103 2182 1176 2225 esse
1205 2158 1248 2223 ad
1270 2180 1343 2221 mu-

139 2277 309 2342 tationem
330 2278 483 2343 looorum
504 2285 643 2364 propter
665 2279 901 2344 salubritatem
925 2277 1143 2343 existimabat
1162 2276 1263 2357 (VIII
1277 2274 1341 2354 52).

142 2393 236 2470 Quid
263 2395 370 2478 igitur
398 2396 523 2459 mirum
550 2403 602 2459 est
633 2395 820 2460 exercitum
847 2418 909 2481 per
934 2402 1099 2460 aestatem
1124 2394 1162 2458 in
1189 2390 1342 2456 hibernis

36 2600 39 2606 Ι
140 2509 273 2575 fuisse?

245 2627 397 2692 Ultimae
419 2628 554 2693 litterae
576 2629 676 2693 annis
699 2628 919 2713 sequentibus
951 2629 1050 2692 datae
1077 2634 1170 2692 sunt:
1193 2626 1281 2691 VIII
1304 2626 1344 2690 lb

140 2765 235 2808 anno
257 2745 319 2808 705
340 2752 520 2830 postquam
542 2745 714 2810 Domitius
737 2767 772 2809 se
795 2744 929 2813 dedidit
950 2767 981 2810 v.
1006 2748 1024 2824 ξ
1047 2745 1080 2828 23
1103 2751 1139 2809 at
1162 2750 1344 2827 antequam

140 2860 328 2946 Pompeius
362 2883 404 2925 ex
435 2861 537 2926 Italia
568 2860 730 2947 profugit.
781 2861 866 2925 VIII
889 2861 929 2924 16
961 2883 1078 2925 mense
1111 2860 1234 2947 Aprili,
1267 2881 1344 2924 cum

141 2980 272 3045 Caesar
293 2964 330 3043 in
351 2979 555 3065 Hispaniam
577 2979 849 3064 proficisceretur
870 3002 902 3045 v.
925 2982 945 3060 ἓ
959 2979 980 3042 4
1002 2985 1036 3042 et
1058 2976 1101 3042 ad
1123 2978 1195 3041 Att.
1217 2977 1255 3040 X
1268 2977 1290 3040 8
1304 2976 1343 3042 Β.
1361 3021 1364 3026 ‹

139 3096 235 3162 VIII
257 3096 296 3160 17
328 3096 428 3160 initio
461 3096 543 3159 anni
566 3097 626 3160 706
659 3102 841 3180 antequam
867 3095 1145 3180 Dyrrhachinum
1177 3093 1345 3178 proelium

138 3213 295 3278 Romem
316 3211 514 3276 nuntiatum
536 3218 588 3276 est
609 3233 641 3276 v.
665 3215 684 3292 ξ
706 3213 735 3276 2.

248 3327 317 3392 Sed
342 3327 384 3392 de
413 3328 490 3392 aliis
518 3328 691 3393 Ciceronis
723 3329 849 3394 litteris
882 3329 1019 3394 uberius
1052 3328 1227 3412 fusiusque
1261 3327 1345 3391 alias

137 3445 409 3530 disputabimus.
