3262 4926
836 157 856 221 2

244 362 307 428 pro
329 339 474 406 Caesare
495 339 705 404 sententiam
727 338 855 405 dixisse
877 339 1024 424 legimus
1040 327 1135 405 0666.
1152 339 1194 406 de
1214 340 1449 410 1161161112

236 463 282 552 et
304 479 333 522 a.
356 456 417 521 703
443 462 480 521 63
506 478 534 520 6.
558 456 620 521 704
641 456 858 521 consulatum
884 455 1056 543 petivisse.
1100 455 1333 541 Legimus'ad
1354 459 1449 526 Atti-

245 597 324 640 oum
335 574 368 639 V
383 574 431 659 19,
446 574 466 637 3
482 575 565 660 qaod
583 577 708 656 scribis,
731 577 843 640 libente
865 589 893 640 te
909 574 984 656 (M.:
1000 575 1144 655 libenter)
1167 578 1327 664 repulsam
1342 579 1449 643 tulisse

214 719 327 774 eam,
355 696 414 778 qai
437 717 505 756 cum
530 694 649 756 sororis
676 705 745 755 tuae
763 692 838 778 filii
858 705 977 778 patruo
1010 705 1141 756 certaret
1168 691 1231 772 (sic
1253 692 1316 774 M.)
1343 699 1453 782 mcpui

247 813 366 875 amoris
390 813 530 897 sipaam5
556 805 600 871 ad
621 805 697 871 Att.
718 807 769 872 VI
788 807 817 891 8,
843 807 864 870 2
889 809 947 874 scd
972 810 1045 873 11666
1072 823 1118 891 tu,
1148 812 1302 895 numquid
1326 815 1449 877 oioleste

237 927 315 1012 fers
337 928 374 992 de
396 928 462 1008 tito,
485 929 543 1011 qai
562 949 594 990 se
616 926 692 990 solet
712 925 869 1008 anteferre
888 939 1003 1012 patruo
1025 928 1144 990 sororis
1166 940 1236 990 tuae
1249 927 1373 1012 fidit)
1406 931 1451 993 Ae

246 1070 268 1108 a
289 1046 401 1129 quibus
421 1043 541 1107 m'ctus!

348 1174 464 1258 Atque
486 1179 525 1238 ut
546 1173 766 1260 perspicuum
788 1179 841 1237 ast
863 1172 907 1237 ad
929 1171 1004 1238 Att.
1020 1173 1053 1238 V
1077 1174 1117 1239 19
1139 1172 1184 1238 ad
1205 1175 1343 1241 comitia
1366 1177 1450 1242 anni

247 1291 309 1356 703
331 1289 465 1376 respici,
488 1288 532 1354 ad
553 1289 629 1354 Att.
651 1288 703 1354 VI
723 1289 746 1353 8
766 1288 811 1353 ad
832 1311 960 1353 annum
983 1288 1053 1374 704,
1083 1289 1134 1354 136
1162 1313 1278 1356 omnes
1299 1312 1368 1357 uno
1391 1315 1449 1358 ore

246 1405 478 1490 consentiunt,
489 1412 634 1490 utroque
647 1405 722 1470 loco
734 1405 882 1470 eundem
887 1404 1063 1470 Ciceronis
1075 1407 1249 1473 aemulum
1261 1407 1447 1494 designari;

247 1545 359 1608 neque
395 1523 488 1588 enim
525 1522 593 1587 alio
629 1523 704 1588 loco
738 1522 857 1588 Cicero
896 1521 1197 1588 circumlocutione
1234 1524 1297 1589 1116
1329 1541 1447 1614 patruo

247 1646 367 1707 sororis
389 1655 457 1705 tuae
470 1641 545 1726 filii
557 1639 675 1704 utitur.
711 1638 837 1703 Omnes
851 1639 876 1718 ²)
899 1645 1015 1704 autam
1029 1638 1110 1704 inde
1132 1661 1152 1703 a
1167 1639 1323 1705 Manutio
1338 1664 1446 1726 usque

117 1838 121 1848 Ι
245 1757 291 1822 ad
326 1757 487 1823 Bootium
523 1756 729 1842 interpretes
769 1754 812 1820 de
848 1756 884 1822 C.
921 1755 1050 1820 Lucilii
1086 1755 1184 1820 Hirri
1219 1756 1356 1841 repulsa
1388 1759 1446 1842 agi

245 1873 448 1940 existimant
470 1880 606 1960 praeter
628 1871 816 1938 Corradum
828 1873 863 1952 ³),
887 1871 946 1955 qui
968 1871 1133 1938 Catonem
1153 1871 1303 1956 intelligi
1323 1872 1408 1938 vult.

348 2007 443 2085 Quae
465 2007 638 2072 sententia
668 2006 742 2070 iure
764 2004 808 2070 ab
831 2002 989 2071 omnibus
1023 2005 1162 2092 explosa
1184 2013 1236 2071 est
1266 2012 1447 2092 propterea

246 2124 339 2210 quod
370 2125 464 2190 nullo
496 2125 570 2189 loco
606 2123 790 2188 memoriae
822 2123 979 2210 proditur
1011 2123 1143 2209 Catoni,
1181 2146 1282 2208 quem
1315 2130 1448 2190 constat

246 2263 276 2307 a.
311 2242 372 2306 702
387 2242 413 2322 ⁴)
449 2241 621 2327 repulsam
658 2262 765 2323 aequo
803 2240 918 2306 animo
950 2240 1080 2324 tulisse,
1118 2240 1223 2305 etiam
1257 2264 1285 2306 a.
1320 2241 1381 2306 703
1412 2249 1447 2306 63

246 2381 277 2423 6.
293 2358 356 2422 704
376 2357 414 2421 in
435 2357 631 2423 consulatus
653 2355 823 2443 petitione
836 2379 907 2422 non
926 2377 1086 2444 prospera
1102 2356 1255 2423 cessisse.
1284 2358 1446 2424 Attamen

199 2539 201 2542 .
246 2476 277 2541 si
300 2474 394 2559 0636,
417 2473 475 2558 qui
497 2472 639 2538 antistes
661 2471 851 2539 Libertatis
874 2471 1073 2556 habebatur,
1094 2472 1207 2538 victus
1230 2483 1322 2541 66663
1342 2475 1448 2541 6703

246 2599 284 2659 63
305 2614 334 2656 6.
357 2591 426 2675 704,
455 2589 577 2675 quibus
603 2591 688 2677 ipsis
710 2589 810 2655 annis
835 2589 1022 2655 1111616166
1044 2589 1183 2675 publica
1204 2591 1242 2656 in
1264 2590 1449 2656 discrimen

247 2715 284 2774 et
306 2714 479 2773 certamen
492 2707 686 2792 vocabatur,
709 2706 810 2774 huius
832 2705 883 2772 rei
906 2706 1062 2791 quotiens
1084 2706 1213 2772 mentio
1235 2705 1326 2772 facta
1341 2711 1447 2774 esset!

349 2842 402 2907 De
423 2841 528 2907 Hirro
549 2863 631 2907 vero
652 2842 698 2907 M.
721 2841 857 2908 Caelius
879 2840 923 2906 ad
944 2841 1141 2907 Ciceronem
1162 2839 1282 2905 scribit
1303 2839 1347 2904 ad
1368 2840 1449 2908 fam.

248 2946 338 3024 VIII
364 2959 392 3042 3,
427 2958 444 3022 l
477 2960 624 3044 quomodo
653 2961 742 3024 illum
770 2974 870 3046 patos
903 2974 1074 3048 separatus
1106 2972 1190 3023 tuum
1222 2963 1450 3044 competitorem
1539 2963 1543 2969 ’

136 3118 137 3122 =
248 3078 352 3142 dolere
374 3090 403 3141 et
424 3077 635 3158 dissimulare,
658 3102 704 3141 me
727 3081 888 3142 certiorem
910 3102 1001 3162 quam
1022 3101 1054 3141 sc
1077 3076 1297 3140 candidatum?
1323 3074 1450 3141 VHI9

247 3192 392 3257 Hirrum
414 3214 434 3257 6
456 3213 492 3256 66
514 3198 711 3277 superatum
733 3213 807 3256 esse
828 3198 954 3257 narrat.

294 3417 300 3434 .
348 3325 466 3390 Nihilo
489 3323 595 3388 setius
617 3323 718 3389 facile
741 3323 969 3389 demonstrari
989 3330 1103 3410 potest
1129 3323 1171 3389 de
1192 3321 1289 3387 Hirri
1310 3323 1449 3409 repulsa

247 3440 406 3506 Atticum
427 3440 472 3506 ad
493 3441 694 3506 Ciceronem
715 3463 785 3506 non
807 3440 992 3528 scripsisse.

349 3558 437 3622 Nam
474 3556 634 3642 quoniam
665 3556 711 3622 M.
749 3556 904 3621 Caelium
944 3578 972 3621 6.
1006 3556 1067 3620 703
1108 3558 1256 3623 aedilem
1298 3557 1447 3624 curulem

248 3682 402 3739 creatum
424 3696 497 3739 esse
527 3697 604 3739 cum
631 3696 672 3738 61
694 3672 977 3759 inscriptionibus
999 3674 1225 3759 epistularum
1247 3675 1291 3740 ad
1312 3673 1390 3740 fam.
1411 3673 1449 3738 H

247 3791 354 3856 8-15
394 3797 468 3856 turn
508 3814 551 3856 61
589 3790 674 3878 ipsis
712 3790 870 3877 epistulis
914 3793 959 3872 (v.
988 3791 1025 3855 Π
1062 3792 1111 3856 11.
1147 3791 1236 3857 VIII
1261 3792 1291 3874 4,
1326 3792 1347 3856 9
1374 3790 1448 3868 663.)

353 4059 372 4124 ¹)
391 4056 511 4113 Scilicet
527 4057 699 4128 Pomponia,
718 4076 801 4112 soror
817 4056 919 4121 Attici,
938 4063 1002 4112 erat
1018 4075 1093 4111 uxor
1110 4055 1214 4124 Quinti
1232 4056 1393 4114 Ciceronis.

351 4159 371 4225 ²)
389 4157 465 4213 Vide
483 4162 729 4213 commentatores
747 4164 777 4212 et
794 4157 970 4228 interpretes
993 4155 1031 4211 ad
1048 4157 1129 4211 locos
1147 4174 1170 4210 6.
1188 4175 1211 4211 6.
1245 4157 1454 4212 Drumannum

249 4239 279 4294 h.
296 4240 333 4296 R.
349 4241 392 4296 VI
407 4244 484 4309 150⁷⁴,
502 4240 707 4295 Hofmannum
723 4241 800 4294 Phil.
818 4241 876 4295 XV
893 4244 950 4295 669.
1053 4278 1066 4307 ·.

350 4344 370 4408 ⁸)
389 4342 426 4396 In
444 4347 604 4412 quaestura
620 4359 648 4412 p.
666 4344 722 4396 365.
818 4371 820 4375 -
1219 4421 1223 4432 ,

350 4440 372 4507 ⁴)
390 4440 571 4494 Plutarchus
589 4439 652 4494 Cat.
670 4457 695 4494 6.
712 4445 753 4508 49,
772 4444 813 4496 50.
848 4439 968 4495 Cassius
985 4440 1042 4495 Dio
1060 4445 1101 4507 40,
1120 4445 1161 4496 58.
