3262 4926
846 201 885 265 12

268 382 353 447 dicit
379 383 421 446 de
443 382 621 468 provincia
654 389 689 447 et
721 382 762 447 de
796 384 948 449 moribus
970 383 1153 467 Ciceronis,
1177 383 1393 467 quaestiones
1414 385 1469 451 illi

268 496 524 582 chronologicas
546 521 590 563 ne
612 499 802 583 attigenmt
817 500 964 586 quidem,
988 499 1124 566 etiamsi
1143 499 1264 564 latiore
1280 523 1382 565 sensu
1403 502 1468 568 hoc

267 614 409 679 verbum
425 614 620 701 accipimus
643 616 762 700 Neque
778 617 871 681 enim
886 623 1061 701 quaerunt,
1079 638 1143 701 quo
1159 623 1313 702 tempore
1332 617 1467 684 litterae

267 729 366 796 datae
392 733 471 816 sint,
503 754 623 818 neque,
657 756 723 818 qua
754 735 886 802 ratione
909 735 1028 799 Cicero
1050 733 1116 798 iter
1148 735 1321 818 istituerit,
1356 757 1468 818 neque

268 847 493 934 considerant,
507 857 623 915 utrum
637 873 691 916 res
707 852 826 917 ordine
842 875 886 917 an
901 852 968 916 alio
983 853 1057 917 loco
1073 851 1139 916 alie
1155 852 1255 917 modo
1276 858 1466 937 narrentur,

266 985 330 1028 nec
353 987 437 1049 quae
460 973 573 1032 cetera
595 974 675 1032 sunt
697 968 849 1034 eiusdem
870 969 1016 1052 generis

367 1131 469 1224 Anno
493 1134 552 1197 701
576 1140 610 1198 et
632 1135 693 1198 702
721 1141 858 1199 senatus
885 1135 1039 1229 consulta
1061 1133 1152 1199 facta
1184 1141 1272 1219 sunt,
1299 1157 1343 1200 ne
1372 1158 1467 1221 prae·

266 1253 358 1312 tores
389 1249 587 1314 consulesve
623 1257 701 1315 ante
736 1249 1007 1335 quinquennium
1039 1250 1082 1314 ab
1114 1250 1316 1334 magistratu
1349 1259 1467 1318 exacto

267 1363 460 1448 provincias
483 1366 763 1432 administrarent
780 1369 813 1449 ¹).
857 1368 987 1451 Legem
1010 1373 1124 1432 autem
1157 1367 1198 1432 de
1228 1368 1415 1454 provinciis
1437 1391 1465 1434 a.

266 1480 327 1545 703
349 1480 474 1546 factam
497 1504 570 1547 esse
593 1506 635 1548 ex
657 1483 804 1570 epistula
826 1483 870 1549 ad
884 1485 930 1549 M.
945 1484 1155 1569 Marcellum,
1179 1507 1235 1550 ces
1250 1507 1278 1550 a.
1303 1485 1372 1569 703,
1390 1508 1465 1572 per·

268 1597 412 1684 spicitur
432 1598 501 1664 XV
522 1599 551 1683 9,
573 1601 593 1663 2
615 1626 651 1664 ce
674 1603 754 1686 quid
773 1603 898 1666 accedat
920 1606 1067 1688 temporis
1089 1602 1134 1666 ad
1154 1603 1197 1686 id,
1226 1604 1308 1688 quod
1332 1617 1364 1666 tu
1385 1606 1469 1668 mibi

266 1729 295 1779 et
316 1731 439 1780 secutus
460 1719 594 1782 consulto
618 1733 646 1782 ct
667 1720 731 1806 lupe
748 1719 861 1804 finisti
871 1719 908 1799 2).
932 1719 1018 1784 Cum
1033 1718 1196 1804 praetorii
1211 1725 1246 1783 et
1262 1719 1464 1804 consulares

268 1830 326 1914 qui
354 1831 548 1917 provincias
579 1832 732 1897 nondum
765 1833 993 1918 obtinuerant,
1022 1833 1114 1898 inter
1146 1856 1183 1898 se
1216 1835 1416 1899 sortirentur
1429 1837 1463 1920 3),

268 1947 425 2012 Ciceroni
447 1948 588 2013 obvenit
602 1949 732 2014 Cilicia.
769 1949 887 2015 Pridie
909 1972 988 2015 non.
1004 1949 1127 2015 Junias
1154 1951 1272 2016 Cicero
1286 1950 1464 2016 Brundisii

268 2064 311 2130 ab
335 2064 449 2151 Appio
472 2065 624 2150 Claudio,
653 2066 712 2150 qui
733 2073 807 2131 tum
830 2066 972 2132 Ciliciae
993 2074 1157 2153 praeerat,
1179 2067 1312 2133 litteras
1334 2067 1466 2155 accepit

202 2153 213 2174 ⁰
266 2181 426 2266 (adfam.
449 2183 555 2267 1114,
580 2184 634 2266 1),·
661 2205 744 2267 quas
766 2183 900 2249 litteras
922 2182 964 2248 ab
987 2184 1102 2271 Appio
1125 2183 1220 2249 datas
1242 2183 1348 2250 fuisse
1386 2207 1463 2249 cum

266 2299 488 2386 comperisset
513 2299 714 2364 Ciceronem
750 2299 816 2364 sibi
838 2322 1073 2365 successurum
1103 2324 1175 2366 esse
1204 2323 1245 2366 ex
1266 2302 1320 2367 his
1346 2302 1461 2367 verbis
1523 2288 1526 2294 ¹

264 2421 406 2502 apparet
440 2416 496 2480 III
535 2416 564 2498 4,
600 2416 620 2479 2
656 2417 740 2502 quod
786 2419 902 2483 scribis
952 2421 1013 2483 tibi
1053 2421 1203 2485 mouendi
1236 2445 1360 2484 ceream
1396 2446 1462 2484 eam

264 2532 386 2616 fursee,
399 2549 432 2598 ut
453 2560 498 2599 me
521 2539 708 2616 convenires,
731 2537 769 2600 id
781 2536 870 2617 mihi,
891 2560 929 2599 ue
951 2541 1093 2618 mentiar,
1117 2551 1161 2601 cst
1179 2551 1312 2625 pratum.
1341 2537 1462 2621 Itaque

264 2648 396 2714 sortitio
418 2672 487 2714 non
509 2656 622 2736 potest
643 2649 734 2715 facta
756 2671 829 2714 esse
851 2657 929 2736 post
949 2671 1103 2715 mensem
1124 2651 1296 2718 Martium.

362 2817 451 2882 Nam
483 2816 602 2882 Cicero
635 2838 712 2881 cum
744 2817 781 2881 in
803 2816 925 2883 Cilicia
957 2823 1030 2882 erat
1062 2817 1105 2881 ad
1137 2816 1293 2912 Atticum
1326 2818 1463 2905 scripsit

263 2931 314 2996 VI
331 2933 395 3016 5,l
418 2960 514 3021 quare
535 2937 636 3016 velcia,
659 2939 726 3016 etsi,
748 2950 782 2998 ut
802 2960 902 3022 spero,
925 2949 952 2999 te
974 2936 1049 2999 baec
1071 2936 1185 3024 tepente
1207 2960 1245 3000 cc
1266 2938 1462 3021 aliquantum

264 3054 327 3115 eam
359 3056 431 3121 uiue,
458 3077 649 3138 processero,
682 3054 702 3131 ᾗ
734 3051 754 3114 3
791 3054 859 3117 dies
895 3056 977 3117 caim
1015 3051 1180 3115 XXXIII
1213 3067 1301 3117 eruat
1334 3056 1460 3138 reliqui.

263 3164 422 3230 Testatur
441 3166 549 3250 igitur
563 3166 778 3232 tabellarium
792 3167 939 3253 amplius
953 3167 995 3231 33
1017 3167 1090 3232 dies
1112 3167 1149 3230 in
1170 3167 1294 3232 itinere
1308 3166 1461 3233 futurum

263 3303 346 3347 esse.
369 3283 551 3349 Praeterea
573 3283 692 3349 Cicero
714 3284 758 3349 ad
772 3282 845 3349 Att.
861 3283 894 3349 V
909 3284 957 3367 19,
974 3283 992 3348 1
1014 3282 1142 3363 fatetur
1156 3283 1313 3348 celeriter
1327 3283 1460 3349 litteras

199 3387 201 3396 ⁴
262 3397 373 3464 Roma
394 3399 431 3463 in
453 3399 703 3485 Cappadociam
724 3400 766 3464 47
788 3399 908 3464 diebus
930 3399 1060 3466 delatas
1083 3421 1156 3464 esse
1171 3401 1207 3480 4).

362 3564 482 3648 Neque
497 3565 606 3629 ullum
620 3571 733 3651 potest
746 3564 897 3630 inveniri
911 3565 1106 3652 exemplum
1121 3565 1276 3631 breviore
1297 3574 1459 3652 tempore,

262 3703 364 3766 quam
384 3682 425 3746 47
458 3680 587 3766 diebus,
620 3681 837 3747 tabellarium
869 3681 907 3746 in
939 3681 1114 3748 Ciceronis
1146 3682 1359 3771 provinciam
1385 3704 1460 3768 per-

261 3819 406 3865 vemsse.

261 3986 461 3996 ——.-..

363 4103 381 4167 1)
402 4099 432 4154 C.
450 4099 507 4155 Dio
525 4104 565 4168 40,
583 4103 624 4155 46.
650 4103 692 4166 40,
710 4103 750 4154 56.

361 4200 382 4270 ²)
401 4199 446 4255 Cf.
467 4201 569 4256 Drum.
586 4201 635 4254 III
652 4203 708 4256 364.
737 4198 939 4254 Mommsenus
966 4196 1001 4251 de
1027 4192 1146 4266 publico
1167 4193 1369 4250 Romanorum
1394 4195 1459 4250 iure

148 4331 151 4340 ,
260 4283 292 4338 Π
309 4284 378 4338 231⁸.
400 4282 587 4354 Hartungius
604 4283 623 4336 l.
642 4301 664 4337 s.
682 4301 704 4337 s.
723 4300 750 4354 p.
770 4287 808 4336 17.

358 4385 378 4450 ⁸)
396 4383 583 4455 Hartungius
599 4383 707 4438 20-24.
742 4382 944 4460 Mommsenus
960 4379 979 4434 l.
997 4396 1021 4432 c.
1039 4376 1071 4430 Π
1087 4377 1157 4432 239¹.

360 4485 380 4550 ⁴)
398 4482 492 4537 Bardt
510 4481 698 4553 quaestiones
716 4480 871 4536 Tullianae
888 4499 915 4552 p.
933 4483 973 4534 24.
