3262 4926
854 197 876 261 8

266 376 462 465 εὐπραγίαις.
510 377 613 464 Λύπη
638 377 697 465 γὰρ
728 377 916 466 ταραχώδης
945 385 998 444 καὶ
1026 379 1043 447 ὁ
1076 367 1205 470 iudicor
1221 380 1315 463 ζὲστὶ,
1341 386 1393 446 καὶ
1420 387 1466 460 εἰς

267 495 459 583 »inparium
480 494 550 560 ἀλλ’
576 495 614 561 οὗ
635 499 693 561 τοῦ
714 494 858 573 ἀναξίου.

365 629 553 714 Indignum
576 629 684 714 igitur
706 629 824 695 Cicero
847 630 1019 695 Calidium
1048 631 1226 696 consulatu
1253 653 1327 695 esse
1354 637 1463 717 putat,

266 746 303 810 ni
325 745 436 829 fallor,
458 752 621 832 proptera
643 745 731 831 quod
754 746 907 812 Calidius
930 747 1084 812 Caesaris
1107 747 1208 813 rebus
1230 746 1380 813 favebat.

258 885 261 894 '
366 878 456 944 Satis
489 880 575 944 mihi
606 880 726 946 videor
758 879 1009 946 demonstrasse
1041 881 1085 946 ad
1117 881 1191 946 Att.
1217 881 1249 945 V
1278 882 1317 945 19
1350 882 1464 947 omnia

228 1027 231 1034 ·
265 996 440 1082 praeclare
468 997 650 1062 convenire
675 997 713 1061 in
738 995 931 1080 Calidium;
965 997 1118 1062 omnium
1145 1004 1260 1062 autem
1286 997 1330 1062 ad
1358 1021 1465 1063 unum

267 1112 459 1178 sententiae
481 1119 673 1198 congruunt
697 1114 843 1179 eundem
871 1137 971 1199 quem
993 1115 1037 1180 ad
1058 1113 1132 1180 Att.
1155 1115 1187 1179 V
1211 1116 1250 1179 19
1277 1115 1465 1199 significari

266 1226 311 1292 ad
339 1228 415 1293 Att.
445 1229 496 1294 VI
516 1231 546 1295 8.
591 1230 690 1308 Quod
722 1231 868 1315 legimus
911 1237 968 1318 qui
997 1257 1029 1296 se
1060 1235 1136 1297 soler
1163 1233 1319 1316 autq‘crrc
1345 1248 1463 1319 patruo

264 1350 384 1412 sororis
405 1363 475 1413 tuae
493 1351 575 1434 filii,
604 1371 705 1432 quam
738 1349 828 1414 belle
852 1347 995 1431 quadret
1022 1348 1060 1412 in
1081 1348 1262 1431 Calidium,
1284 1371 1400 1413 nonne
1422 1371 1465 1414 ex

271 1461 371 1548 ipsis,
399 1486 484 1548 quae
512 1465 613 1531 modo
643 1465 797 1552 exposita
829 1471 909 1530 sunt
942 1465 985 1530 de
1012 1465 1140 1531 Calidii
1170 1487 1297 1549 genere
1330 1464 1468 1530 dicendi

272 1579 406 1648 elucet?
441 1582 570 1647 Furere
597 1582 689 1646 enim
716 1589 751 1646 et
783 1580 943 1647 bacchari
969 1583 1087 1648 Cicero
1114 1581 1249 1648 Calidio
1274 1581 1467 1648 videbatur.

273 1695 386 1772 Quare
413 1698 471 1781 qui
503 1697 570 1763 sibi
600 1698 808 1783 persuaserit
839 1697 883 1762 ad
908 1697 982 1763 Au.
1006 1699 1038 1763 V
1061 1699 1102 1763 18
1132 1720 1202 1762 non
1227 1698 1378 1782 Hirrum,
1407 1697 1468 1763 sed

272 1812 444 1878 Calidium
476 1813 633 1879 denotari
665 1814 767 1879 facile
800 1815 965 1880 concedet
994 1813 1038 1878 ad
1062 1812 1135 1879 Att.
1158 1815 1209 1878 VI
1230 1815 1252 1878 8
1273 1815 1315 1879 de
1341 1815 1467 1881 Calidii

271 1930 408 2016 repulsa
429 1931 494 2015 agi.
537 1930 639 1996 Adde
667 1931 757 2016 quod
778 1932 897 1998 Cicero
924 1954 1002 1996 cum
1023 1931 1128 1997 Hirro
1153 1938 1227 1996 turn
1256 1931 1294 1996 in
1319 1933 1466 2016 gratiam

269 2046 383 2112 redire
405 2048 563 2114 studebat
585 2049 641 2130 (ad
661 2049 735 2114 Att.
757 2049 827 2113 Vl]
849 2051 876 2133 l,
898 2050 941 2128 8).

371 2181 543 2248 Calidium
577 2190 693 2250 autem
723 2184 932 2269 praetorium
961 2181 1080 2266 fuisse,
1109 2205 1127 2246 e
1152 2183 1173 2247 l.
1202 2206 1227 2247 s.
1251 2205 1275 2247 s.
1303 2183 1467 2248 orationis

270 2305 348 2383 post
381 2299 529 2363 reditum
562 2299 599 2364 in
629 2305 749 2364 senatu
781 2299 921 2364 habitae
953 2298 1181 2383 intellegitur;
1206 2299 1467 2382 quamobrem

271 2415 431 2498 quoniam
450 2417 596 2501 epistula
623 2417 666 2480 ad
676 2415 754 2484 Att.
778 2416 828 2480 VI
849 2416 871 2479 8
892 2415 936 2479 ad
958 2415 1087 2480 conitia
1102 2437 1130 2480 a.
1147 2416 1208 2479 704
1229 2422 1370 2501 spectat,
1391 2439 1467 2503 per-

270 2531 426 2617 spicuum
446 2538 498 2597 est
512 2555 542 2598 a.
558 2527 620 2598 704
640 2554 710 2598 non
731 2532 832 2598 modo
848 2531 1009 2618 Sulpicio,
1031 2531 1148 2615 legato
1163 2531 1327 2616 Caesaris,
1346 2554 1468 2600 verum

269 2648 375 2713 etiam
389 2649 522 2715 Calidio
537 2672 557 2714 a
572 2649 727 2715 Caesaris
742 2648 948 2714 adversariis
970 2648 1185 2712 consulatum
1207 2657 1363 2735 ereptum
1381 2672 1466 2715 esse.

270 2766 416 2852 Sulpicii
437 2790 518 2833 sane
540 2769 670 2854 repulsi
697 2765 889 2852 ignominia
911 2765 1070 2851 quoniam
1092 2765 1129 2830 in
1151 2766 1264 2852 ipsum
1286 2766 1468 2832 Caesarem

269 2882 461 2949 redundare
483 2883 672 2968 videbatur,
695 2883 739 2949 ab
761 2883 879 2948 Hirtio
902 2882 1030 2946 diserte
1053 2888 1347 2950 commemoratur.

367 3065 466 3144 Quod
478 3067 597 3133 Cicero
616 3066 712 3133 addit
727 3067 771 3132 ad
785 3067 859 3132 Att.
871 3068 954 3132 VI8
970 3083 1002 3134 ct
1018 3095 1038 3133 a
1054 3070 1167 3154 quibua
1182 3071 1291 3150 cicius,
1304 3066 1462 3132 videmus

267 3183 349 3268 quid
376 3183 450 3248 sine
476 3183 555 3249 fuco
577 3206 617 3248 ac
645 3183 791 3248 fallaciis
818 3184 860 3249 de
889 3183 1085 3250 oonsulibus
1108 3205 1137 3247 a.
1160 3183 1222 3247 705
1247 3182 1462 3248 iudicaverit.

266 3301 322 3366 Ab
337 3299 533 3366 hominibus
549 3301 663 3366 stultis
677 3299 842 3366 videlicet
857 3301 1028 3366 Calidium
1042 3300 1174 3365 victum
1190 3323 1264 3365 esse
1279 3300 1462 3385 significat.

266 3419 385 3502 Neque
408 3416 627 3502 refragantur
648 3418 728 3482 huic
750 3417 878 3482 iudicio
901 3438 986 3500 quae
1008 3416 1085 3481 aliis
1100 3416 1184 3482 locis
1200 3415 1242 3481 de
1257 3416 1296 3482 L.
1312 3417 1462 3482 Lentulo

264 3513 372 3599 Crura
388 3533 479 3598 etde
495 3533 531 3599 C.
547 3533 690 3599 Claudio
704 3533 869 3597 Marcello
890 3531 1047 3616 legimus.
1083 3532 1122 3597 L.
1140 3531 1279 3617 quidem
1293 3533 1461 3598 Lentulus

268 3672 472 3735 quamquam
517 3650 779 3734 haudquaquam
812 3647 972 3712 inimicus
1006 3647 1180 3713 Ciceronis
1211 3655 1293 3733 erat,
1320 3671 1400 3714 nam
1427 3655 1462 3715 et

265 3773 403 3853 praetor
424 3789 486 3853 pro
509 3767 672 3833 Cicerone
687 3767 726 3832 L.
742 3765 904 3831 Pisonem
927 3764 1126 3850 deprecatus
1143 3772 1195 3829 est
1211 3767 1255 3846 (v.
1272 3765 1309 3829 in
1323 3764 1392 3829 Pis.
1409 3765 1461 3847 77)

265 3891 301 3948 et
324 3885 442 3949 consul
462 3884 622 3971 promisit
644 3907 679 3949 se
702 3884 744 3950 de
766 3883 942 3949 Ciceronis
968 3881 1143 3968 triumpho
1171 3883 1358 3946 relaturum
1387 3904 1461 3947 esse

266 4001 321 4082 (ad
346 3999 425 4065 farn.
447 4000 536 4067 XVI
559 4002 610 4084 11,
632 4001 678 4083 3),
710 4006 828 4092 tamen
860 4021 929 4064 non
962 3998 1122 4063 laudatur
1148 4019 1168 4062 a
1196 3997 1360 4064 Cicerone
1392 3998 1461 4063 nisi

131 4132 141 4151 ·
264 4123 401 4202 tempus
426 4117 590 4203 postulat,
612 4116 708 4180 velut
730 4116 773 4181 de
798 4115 871 4180 har.
896 4136 984 4200 resp.
1006 4113 1056 4196 37,
1085 4134 1150 4197 quo
1176 4113 1250 4178 loco
1278 4115 1395 4198 gravis
1421 4137 1461 4180 ac

265 4233 427 4318 disertus,
457 4255 535 4298 cum
557 4232 715 4298 Clodium
736 4238 924 4316 accusaret,
952 4235 1066 4296 orator
1086 4229 1294 4314 nominatur,
1322 4237 1358 4295 et
1380 4231 1461 4296 Phi-

265 4349 525 4436 lipp.X1H29
562 4351 621 4414 duo
648 4353 786 4414 consules
817 4351 1010 4414 amicissimi
1031 4350 1157 4432 patriae
1185 4349 1340 4412 simulem
1362 4350 1443 4413 Itali

262 4471 366 4532 eiecti.
413 4466 462 4531 At
488 4465 568 4531 vida
595 4465 692 4530 Brut.
717 4465 781 4530 268
806 4469 843 4531 L.
874 4480 974 4530 cruam
996 4465 1146 4528 Lectulus
1170 4468 1250 4528 scti's
1271 4479 1339 4528 crat
1353 4463 1461 4548 fortis

326 4696 416 4741 Γ

166 4824 278 4897 -Λ
