3262 4926
836 199 876 268 14

257 389 299 455 de
316 388 505 474 Pomponia
528 393 562 452 et
588 387 629 453 (16
652 387 753 452 rebus
776 384 972 451 domesticis
993 384 1195 469 loquebatur
1218 384 1275 466 (ad
1294 385 1456 465 AttVl).

150 545 153 552 ⁴
256 504 348 569 Illud
383 525 514 587 quoque
545 508 637 567 recte
663 502 802 568 videtur
826 501 1043 567 Wielandius
1071 502 1138 584 (III
1159 502 1234 582 294)
1262 501 1457 587 coniecisse,

258 643 343 705 quae
371 619 490 685 Cicero
518 619 561 683 de
587 640 674 703 equa
700 618 827 683 scribat
853 617 897 683 ad
922 618 995 684 Att.
1018 618 1050 682 V
1073 619 1121 703 12,
1149 619 1197 702 13,
1224 617 1268 684 ad
1295 618 1459 683 Crabram

257 759 319 823 per
352 735 580 800 Tusculanum
619 755 739 819 agrum
776 734 966 799 ducendam
1003 734 1175 820 pertinere
1212 734 1268 817 (cf.
1302 733 1346 798 ad
1378 733 1458 800 fam.

257 854 346 918 xm
370 853 418 935 rs,
441 852 482 916 3).
1162 827 1164 834 ’

359 968 392 1033 Α
424 968 615 1033 Tusculano
648 967 768 1032 Cicero
801 967 838 1032 in
870 965 1020 1052 Arpinas
1053 966 1243 1052 contendit,
1279 968 1361 1033 inde
1398 991 1459 1054 per

258 1085 436 1170 Aquinum
467 1085 661 1150 Minturnas
694 1083 845 1170 perrexit
878 1083 932 1162 (ad
953 1085 1027 1149 Att.
1050 1085 1082 1148 V
1110 1085 1151 1164 1).
1196 1084 1291 1161 Quae
1323 1085 1458 1150 itineris

259 1202 346 1267 ratio
374 1202 484 1287 qualis
511 1201 557 1267 sit
584 1201 800 1286 cognoscitur
823 1223 865 1264 ex
887 1223 938 1286 cp.
962 1201 1005 1266 ad
1028 1200 1100 1266 Att.
1122 1202 1211 1266 XVI
1231 1202 1273 1266 10
1292 1217 1459 1268 statueram

260 1325 341 1385 eaim
362 1334 448 1384 recta
470 1322 581 1407 Appia
603 1321 743 1384 Romam.
788 1321 899 1383 Facile
926 1322 1049 1415 ascilla
1072 1321 1342 1402 essetadsecat'as,
1371 1325 1460 1386 aiant

260 1441 342 1502 caim
364 1461 431 1501 earn
453 1435 626 1501 Caesarina
647 1438 697 1500 ati
723 1437 886 1500 eeleritate.
938 1438 1025 1501 Verti
1050 1439 1150 1524 ipitar
1175 1461 1222 1500 me
1243 1462 1263 1500 a
1285 1439 1460 1503 Miatarms

261 1555 420 1639 Arpinum
452 1578 558 1618 versas
591 1556 817 1634 constitueram,
850 1568 883 1617 at
913 1554 943 1616 V
971 1554 1043 1618 idas
1069 1568 1123 1617 aat
1149 1555 1276 1639 Aqaiai
1306 1579 1459 1620 macerem

261 1684 315 1734 aat
336 1673 371 1734 ia
393 1672 528 1734 Arcano.
977 1755 979 1759 Ι

360 1786 423 1871 Ep.
441 1784 485 1850 ad
501 1783 634 1850 AttVl
650 1785 837 1850 Minturnis
853 1785 932 1850 deta
948 1792 1008 1850 est.
1041 1785 1130 1850 Nam
1153 1785 1243 1870 quod
1257 1784 1393 1849 Atticus
1416 1784 1460 1849 ad

260 1902 392 1967 litteras
414 1901 669 1966 Minturnenses
696 1901 854 1966 rescribit
876 1902 918 1982 (V
939 1903 968 1986 3,
990 1902 1033 1986 2),
1061 1901 1099 1966 in
1121 1903 1272 1968 clausula
1294 1901 1459 1988 epistulae

260 2019 390 2105 primae
422 2019 568 2102 legimus
602 2023 642 2084 A.
671 2022 857 2105 Torquatum
889 2025 1103 2086 amantissime
1135 2017 1250 2085 dimisi
1275 2022 1460 2084 Mimmais.

262 2134 383 2219 Quare,
418 2136 579 2218 quoniam
602 2135 749 2222 epistula
769 2136 881 2221 prima
903 2135 1030 2220 omnia,
1064 2158 1149 2220 quae
1171 2142 1249 2222 post
1275 2135 1462 2200 discessum

260 2250 465 2336 factasunt,
501 2252 662 2335 continet,
696 2274 765 2316 non
787 2252 854 2316 alia
876 2259 985 2336 antea,
1018 2252 1079 2317 sed
1100 2253 1184 2318 haec
1211 2252 1285 2339 ipsa
1313 2252 1462 2338 epistula

260 2368 446 2433 Minturnis
479 2367 566 2432 mihi
598 2367 736 2446 videtur
769 2367 848 2432 data
881 2391 967 2452 esse,
1002 2375 1147 2434 exeunte
1181 2369 1312 2434 scilicet
1343 2390 1461 2433 mense

261 2484 376 2571 Aprili
398 2486 453 2550 vel
475 2487 616 2551 ineunte
639 2508 755 2550 mense
775 2481 880 2568 Maio;
904 2484 1041 2575 Atticus
1065 2486 1157 2550 enim
1178 2484 1362 2572 respondet
1384 2483 1460 2550 ad.

261 2601 350 2666 VIII
371 2602 417 2668 id.
440 2603 520 2668 Mai.
543 2602 676 2668 VideV
698 2603 727 2687 3,
751 2604 768 2667 1
792 2605 832 2667 A.
856 2605 885 2668 d.
911 2605 962 2668 VI
977 2605 1049 2669 illas
1070 2606 1177 2669 Maias
1198 2608 1272 2668 cerii
1292 2607 1327 2668 ia
1352 2605 1463 2668 Treba·

262 2724 366 2786 laram
382 2722 426 2785 ad
438 2705 599 2787 Pontiam:
620 2722 671 2786 ibi
683 2721 766 2785 mila
786 2735 855 2784 tace
877 2723 999 2785 litterae
1019 2723 1110 2786 briaae
1132 2721 1273 2785 redditae
1287 2734 1359 2785 saal
1373 2723 1461 2784 tertio

262 2840 317 2902 aba
333 2852 360 2902 te
375 2831 437 2919 die,
456 2840 476 2917 ᾗ
491 2837 511 2900 2
527 2863 658 2924 qaorum
680 2839 795 2902 alterae
818 2838 950 2902 edictam
965 2838 1135 2902 PLioim‘i
1154 2838 1360 2902 11αό61661-
1376 2851 1463 2902 eruat

263 2969 363 3019 autem
388 2957 480 3019 aoai's
502 2957 603 3019 Maiis
630 2955 721 3018 datae
743 2991 785 2997 —
807 2956 923 3018 alterae
951 2957 1122 3039 rescriptae
1149 2955 1193 3018 acl
1221 2979 1305 3019 meas
1327 2957 1462 3019 Miram-

262 3093 379 3137 aeases.
424 3068 516 3146 Quid
538 3067 684 3153 additur,
708 3069 831 3134 alteras
854 3067 986 3134 litteras
1008 3068 1116 3134 Nonis
1138 3067 1239 3133 Maiis
1263 3068 1369 3153 datas,
1383 3067 1387 3074 ”
1396 3068 1464 3134 nisi

263 3174 354 3272 quod
375 3187 418 3252 ad
440 3187 695 3252 Minturnenses
718 3186 785 3252 alio
808 3186 864 3251 dic
886 3186 1090 3273 rescriptum
1113 3187 1185 3252 est?
1208 3184 1291 3270 quid
1315 3185 1463 3270 additur,

184 3379 186 3382 ¹
262 3304 362 3368 nonis
389 3304 527 3374 litteras,
547 3303 657 3388 datas,
691 3326 769 3368 cum
797 3326 898 3389 supra
924 3303 1088 3390 temporis
1110 3309 1191 3369 nota
1223 3303 1269 3368 sit
1295 3309 1385 3371 tertio
1412 3307 1464 3370 die

263 3423 317 3485 abs
345 3422 394 3486 VI
409 3423 452 3486 id.
476 3424 564 3504 Mai,
587 3421 656 3486 nisi
678 3420 768 3504 quod
790 3442 900 3485 nonae
927 3442 997 3485 non
1019 3427 1071 3485 est
1093 3420 1166 3484 dies
1187 3420 1310 3486 tertius
1333 3420 1392 3485 abs
1413 3419 1463 3485 VI

263 3532 308 3600 id.
332 3537 421 3621 Mai,
446 3537 504 3621 qui
527 3537 647 3602 sinon
669 3559 788 3618 nonae,
812 3537 886 3601 sinc
909 3535 1013 3601 dubio
1035 3543 1088 3601 est
1109 3535 1182 3601 dics
1205 3537 1293 3601 VIII
1315 3535 1360 3601 id.
1382 3533 1462 3598 Mai.

262 3653 383 3737 Itaque
411 3676 488 3718 cum
515 3676 583 3718 una
606 3653 752 3739 epistula
778 3652 887 3736 noma,
920 3653 1027 3717 altera
1052 3652 1216 3739 postridie
1249 3651 1376 3737 scripta
1408 3649 1462 3735 sit,

216 3783 218 3786 ’
263 3776 406 3854 utraque
429 3793 458 3835 a.
483 3771 514 3834 d.
538 3771 626 3835 VIII
648 3770 694 3834 id.
717 3771 798 3835 Mai.
821 3769 998 3835 tabellario
1020 3768 1159 3834 videtur
1180 3769 1258 3834 data
1280 3789 1363 3834 esse.

363 3887 549 3953 Minturnis
561 3875 635 3952 Cic.
655 3886 693 3951 in
709 3887 900 3952 Cumanum
918 3885 1093 3972 profectus
1113 3892 1166 3950 est
1188 3900 1231 3967 (v.
1247 3883 1463 3965 adAttV2).

363 4004 405 4069 A.
435 4003 466 4068 d.
492 4003 544 4068 VI
569 3983 722 4068 idsMat
756 4025 774 4067 e
800 4002 1010 4089 Pompeiano
1041 4001 1261 4088 proficiscens
1293 4001 1390 4067 dedit
1422 4000 1465 4067 ad

264 4120 335 4186 Att.
359 4122 391 4186 V
413 4123 433 4185 2
455 4144 487 4184 v.
511 4124 530 4202 ξ
554 4123 581 4186 l.

363 4237 404 4302 A.
426 4238 457 4303 d.
473 4237 506 4301 V
520 4237 566 4302 id.
581 4237 662 4301 Mai.
682 4257 702 4300 a
716 4235 841 4301 Pontio
864 4259 882 4300 e
898 4234 1089 4301 Trebulano
1104 4237 1137 4301 V
1151 4238 1181 4303 3.
1214 4259 1246 4302 v.
1268 4237 1466 4302 clausulam.

363 4354 405 4420 A.
430 4355 462 4420 (1.
478 4355 510 4419 V
532 4354 578 4418 id.
602 4354 682 4420 Mai,
703 4353 942 4418 Beneventum
963 4350 1073 4433 venit;
1097 4353 1212 4438 paullo
1234 4361 1313 4438 post
1334 4351 1378 4417 ad
1392 4351 1466 4418 Att.

265 4473 295 4537 V
316 4473 338 4536 4
360 4471 439 4537 data
462 4479 523 4537 est.
567 4469 680 4534 idibus
702 4468 803 4533 Maiis
825 4488 925 4531 mane
949 4465 1099 4530 Venusia
1121 4467 1153 4531 V
1173 4467 1204 4534 ὃ.
1247 4489 1279 4533 r.
1303 4471 1323 4547 ξ
1347 4469 1374 4533 1.
