3262 4926
748 227 789 292 13

266 415 381 492 Quare
397 413 428 476 si
438 413 555 478 Cicero
575 411 663 498 prid.
685 433 756 476 non
770 411 794 476 J
794 433 850 476 un.
873 411 911 476 in
925 410 1027 476 Italia
1047 411 1180 477 litteras
1195 412 1238 477 ab
1252 411 1368 500 Appio

165 531 264 597 datas
286 537 366 616 post
389 529 548 595 nuntium
572 528 615 593 de
640 527 819 593 sortitione
844 527 986 592 allatum
1008 527 1149 614 accepit,
1172 528 1247 594 fieri
1273 530 1368 595 nullo
1479 569 1481 574 ·

165 648 270 713 modo
296 654 417 733 potest,
452 653 492 710 ut
523 645 659 710 sortitio
691 651 768 731 post
800 666 953 710 mensem
988 644 1151 710 Martium
1183 643 1275 710 facta
1306 646 1365 729 sit;

167 765 377 849 quinetiam
397 764 473 829 veri
495 763 642 827 similius
664 769 716 827 est
738 771 844 828 sortes
876 763 933 828 vel
965 763 1106 830 ineunte
1138 787 1255 830 mense
1277 763 1367 828 Mar-

167 882 218 946 tio
241 882 297 946 vel
311 883 391 946 ante
414 855 587 945 coniectas
609 901 692 944 esse.

264 997 321 1062 Ad
337 995 492 1083 Appium
507 995 696 1079 Claudium,
720 1017 864 1079 quocum
879 997 1037 1062 Ciceroni
1050 998 1108 1062 vel
1122 1005 1223 1062 antea
1237 997 1367 1062 littera·

165 1138 240 1180 rum
255 1113 499 1180 commercium
513 1110 625 1177 fuerat
639 1111 688 1192 (H
704 1113 745 1194 l),
768 1112 878 1197 prima
899 1112 964 1178 hoc
985 1136 1075 1178 anno
1095 1113 1242 1200 epistula
1256 1114 1367 1179 Roma

164 1231 243 1296 data
267 1237 320 1295 est
341 1231 448 1294 1112.
506 1227 671 1311 Legimus
695 1229 787 1293 enim
808 1228 864 1292 ΙΠ
885 1229 914 1312 3,
939 1230 956 1293 1
979 1257 1070 1312 auree,
1093 1233 1177 1316 qood
1195 1258 1215 1294 a
1237 1246 1264 1294 te
1283 1236 1369 1318 petii

164 1352 283 1415 litteris
298 1353 353 1431 iis,
376 1373 453 1433 prcus
464 1347 583 1411 Bomos
604 1347 779 1410 tabellariis
794 1351 857 1411 tois
872 1348 955 1429 dedi,
972 1350 1063 1412 velim
1077 1351 1239 1414 tibt'cerce
1260 1353 1311 1429 sit,
1334 1364 1367 1412 at

163 1491 243 1552 pace
265 1468 440 1530 successori
459 1466 713 1528 coniunctissimo
735 1477 763 1526 et
784 1467 975 1529 ocricr'ssimo
994 1466 1186 1529 commodare
1200 1481 1304 1552 potest
1328 1469 1364 1548 is,

166 1588 224 1670 qui
241 1585 438 1669 proviaciom
460 1581 568 1661 tradit,
590 1594 624 1643 ct
646 1605 682 1643 cc
696 1605 761 1666 pro
784 1594 890 1644 nostro
913 1586 1181 1646 consociatissima
1213 1585 1365 1647 volontate

166 1727 241 1766 caro
262 1726 299 1764 oc
320 1701 489 1786 dilc'pectio
510 1713 564 1762 toa
585 1699 794 1786 complectare.

262 1814 434 1892 Quoniam
448 1836 500 1898 ep.
516 1813 606 1877 ma
627 1813 716 1876 nihil
737 1812 831 1877 aliud
853 1813 966 1896 agitur
988 1814 1056 1878 nisi
1078 1821 1117 1879 ut
1131 1813 1265 1901 Appius
1287 1838 1365 1902 pro-

163 1933 287 2019 spiciat
309 1938 345 1996 et
366 1931 520 1995 consulat
539 1930 728 1994 rationibus
741 1929 925 2013 Ciceronis,
941 1952 1010 1995 non
1033 1930 1101 1995 alia
1116 1931 1262 2017 epistula
1284 1932 1365 1997 libri

163 2048 260 2115 tertii
282 2047 503 2131 significatur.
546 2045 595 2111 At
615 2045 816 2111 inscribitur
838 2046 984 2132 epistula
1004 2047 1069 2129 Ill,
1106 2049 1139 2112 2:
1173 2048 1218 2112 M.
1243 2049 1363 2114 Cicero

164 2162 352 2228 PROOOS.
392 2163 639 2248 Imperatorum
662 2161 800 2245 quidem
822 2169 934 2227 aetate
957 2185 1034 2226 cum
1056 2163 1132 2245 Dio,
1155 2170 1228 2228 tum
1264 2166 1365 2231 multi

163 2282 257 2347 tituli
293 2286 472 2361 testantur,
505 2279 716 2365 proconsulis
749 2300 875 2344 nomen
907 2301 976 2344 non
1005 2280 1153 2345 inditum
1187 2303 1260 2346 esse
1295 2283 1364 2347 nisi

167 2420 302 2482 egresso
338 2396 529 2483 pomerium
542 2395 577 2477 ¹).
635 2394 782 2459 Omnino
821 2418 902 2460 vero
934 2424 997 2484 pro
1035 2398 1262 2484 praepositio,
1295 2420 1365 2464 non

169 2514 251 2578 satis
272 2513 408 2597 urbana,
428 2513 536 2602 utita
558 2510 678 2594 dicam,
694 2512 859 2576 Romanis
881 2511 1062 2578 videbatur
1085 2536 1167 2598 esse,
1190 2514 1366 2580 abhorruit

169 2631 262 2696 enim
277 2630 319 2695 ab
334 2651 448 2694 eorum
463 2651 565 2693 sensu
580 2628 836 2712 magistratibus
851 2629 991 2694 urbanis
1006 2631 1271 2715 appellationem
1288 2629 1365 2695 cum

158 2774 225 2837 pro
246 2749 496 2834 praepositione
519 2748 735 2814 coniunctam
756 2746 941 2833 imponere.
977 2747 1023 2811 Ni
1038 2746 1139 2811 fallor
1153 2770 1204 2833 ep.
1222 2749 1312 2811 1112
1329 2748 1366 2813 in

166 2863 360 2929 suburbano
382 2864 462 2928 data
485 2870 545 2948 est,
577 2864 627 2928 ita
649 2870 682 2927 et
704 2862 809 2948 probe
831 2863 1096 2950 appellationem
1129 2864 1225 2928 illam
1247 2865 1366 2930 Cicero

165 2981 297 3062 ascivit,
322 2981 448 3066 quippe
472 3002 548 3044 curn
570 2979 760 3066 pomerium
785 2986 1018 3064 transgressus
1041 2987 1139 3063 esset,
1163 2988 1198 3045 et
1220 2981 1366 3064 quodam

166 3096 267 3162 modo
296 3096 445 3162 scribere
471 3105 619 3183 poterat,
656 3097 838 3183 epistulam
874 3097 1004 3162 Romae
1037 3097 1226 3163 tabellariis
1258 3097 1366 3184 Appii

166 3214 284 3278 datam
305 3236 390 3278 esse.

270 3329 343 3406 Quo
365 3352 446 3395 vero
469 3336 622 3416 tempore
658 3319 805 3415 epistula
838 3329 964 3416 scripta
998 3331 1043 3394 sit
1074 3352 1144 3394 non
1176 3330 1366 3395 accuratius

166 3468 347 3533 possumus
369 3446 512 3511 definire
534 3447 604 3512 nisi
625 3447 715 3532 quod
738 3453 871 3513 constat
903 3470 954 3534 ep.
977 3448 1068 3511 1112
1102 3447 1244 3511 ineunte
1277 3467 1366 3511 anno

167 3563 230 3627 703
252 3563 390 3628 missam
412 3586 495 3629 esse.

269 3681 403 3747 Deinde
425 3682 545 3747 Cicero
568 3682 610 3747 ab
632 3681 716 3747 urbe
738 3681 910 3768 profectus
933 3703 1011 3745 cum
1045 3687 1160 3745 tantus
1183 3703 1368 3746 consensus

168 3805 306 3862 senatus
327 3796 459 3882 fuisset,
481 3804 613 3863 mature
635 3805 674 3863 ut
695 3797 975 3883 proficisceretur,
998 3796 1186 3882 parendum
1208 3807 1247 3863 ut
1268 3805 1367 3881 esset,

168 3913 235 3978 iter
255 3913 352 3978 tarde
373 3913 458 3979 fecit
480 3913 538 3996 (ad
559 3913 632 3980 fam
655 3914 710 3978 HI
731 3914 761 3998 3,
785 3915 826 3991 1).

268 4031 311 4095 In
331 4031 522 4097 Tusculano
545 4030 683 4116 quidem
705 4031 918 4115 aliquantum
939 4011 1103 4118 temporis
1122 4031 1260 4096 videtur
1281 4052 1368 4096 com·

166 4155 319 4212 moratus
356 4170 444 4231 esse;
488 4148 606 4213 aderat
637 4147 730 4212 enim
765 4147 981 4233 Philotimus,
1016 4169 1159 4232 quocum
1193 4146 1235 4212 de
1267 4146 1368 4212 rebus

166 4264 424 4349 rationibusque
442 4265 567 4348 agebat
577 4262 635 4345 (ad
645 4261 717 4328 Att.
729 4263 817 4328 VIH
828 4265 857 4346 3,
870 4264 915 4347 7);
932 4263 1050 4329 aderat
1060 4263 1206 4348 Atticus,
1224 4284 1369 4348 quocum

272 4513 290 4580 ¹)
310 4513 341 4568 G.
358 4513 415 4568 Dio
433 4517 474 4582 53,
494 4519 532 4568 17.
567 4514 703 4568 Momms.
721 4513 740 4568 1.
759 4532 782 4567 c.
800 4514 832 4567 Π
849 4515 921 4568 753⁴.
956 4514 971 4567 I
991 4519 1031 4567 14.
