<?xml version="1.0" encoding="UTF-8"?>
<!DOCTYPE html PUBLIC "-//W3C//DTD XHTML 1.0 Transitional//EN"
    "http://www.w3.org/TR/xhtml1/DTD/xhtml1-transitional.dtd">
<html xmlns="http://www.w3.org/1999/xhtml" xml:lang="en" lang="en">
 <head>
  <title>
</title>
<meta http-equiv="Content-Type" content="text/html;charset=utf-8" />
  <meta name='ocr-system' content='tesseract 3.04.00' />
  <meta name='ocr-capabilities' content='ocr_page ocr_carea ocr_par ocr_line ocrx_word'/>
</head>
<body>
  <div class='ocr_page' id='page_1' title='image "./detemporibusepi00mollgoog_0028.png"; bbox 0 0 3262 4926; ppageno 0'>
   <div class='ocr_carea' id='block_1_1' title="bbox 728 201 768 268">
    <p class='ocr_par' dir='ltr' id='par_1_1' title="bbox 728 201 768 268">
     <span class='ocr_line' id='line_1_1' title="bbox 728 201 768 268; baseline 0.05 -2"><span class='ocrx_word' id='word_1_1' title='bbox 728 201 768 268; x_wconf 85' lang='lat'>19</span> 
     </span>
    </p>
   </div>
   <div class='ocr_carea' id='block_1_2' title="bbox 7 383 1348 474">
    <p class='ocr_par' dir='ltr' id='par_1_2' title="bbox 7 383 1348 474">
     <span class='ocr_line' id='line_1_2' title="bbox 7 383 1348 474; baseline 0.004 -28"><span class='ocrx_word' id='word_1_2' title='bbox 7 402 18 446; x_wconf 76' lang='lat' dir='ltr'>t</span> <span class='ocrx_word' id='word_1_3' title='bbox 128 412 257 474; x_wconf 77' lang='lat' dir='ltr'>sarpere</span> <span class='ocrx_word' id='word_1_4' title='bbox 281 383 329 450; x_wconf 61' lang='lat' dir='ltr'>de,</span> <span class='ocrx_word' id='word_1_5' title='bbox 351 390 459 450; x_wconf 84' lang='lat' dir='ltr'>nocte</span> <span class='ocrx_word' id='word_1_6' title='bbox 481 387 605 467; x_wconf 80' lang='lat' dir='ltr'>solebat,</span> <span class='ocrx_word' id='word_1_7' title='bbox 628 399 698 450; x_wconf 76' lang='lat' dir='ltr'>arete</span> <span class='ocrx_word' id='word_1_8' title='bbox 725 400 841 450; x_wconf 82' lang='lat' dir='ltr'>noctem</span> <span class='ocrx_word' id='word_1_9' title='bbox 867 410 929 450; x_wconf 75' lang='lat' dir='ltr'>eron</span> <span class='ocrx_word' id='word_1_10' title='bbox 954 389 1173 471; x_wconf 76' lang='lat' dir='ltr'><strong><em>requiescebat.</em></strong></span> <span class='ocrx_word' id='word_1_11' title='bbox 1218 384 1269 454; x_wconf 81' lang='lat' dir='ltr'>Of.</span> <span class='ocrx_word' id='word_1_12' title='bbox 1303 383 1348 452; x_wconf 70' lang='lat' dir='ltr'>dd</span> 
     </span>
    </p>
   </div>
   <div class='ocr_carea' id='block_1_3' title="bbox 7 501 997 588">
    <p class='ocr_par' dir='ltr' id='par_1_3' title="bbox 7 501 997 588">
     <span class='ocr_line' id='line_1_3' title="bbox 7 501 997 588; baseline 0.006 -27"><span class='ocrx_word' id='word_1_13' title='bbox 7 521 19 561; x_wconf 82' lang='lat' dir='ltr'>r</span> <span class='ocrx_word' id='word_1_14' title='bbox 128 502 208 572; x_wconf 86' lang='lat' dir='ltr'>Att.</span> <span class='ocrx_word' id='word_1_15' title='bbox 229 501 285 568; x_wconf 94' lang='lat' dir='ltr'>IV</span> <span class='ocrx_word' id='word_1_16' title='bbox 308 502 331 566; x_wconf 90' lang='lat'><em>8</em></span> <span class='ocrx_word' id='word_1_17' title='bbox 351 501 446 566; x_wconf 89' lang='lat' dir='ltr'>VIII</span> <span class='ocrx_word' id='word_1_18' title='bbox 467 503 488 566; x_wconf 88' lang='lat'>6</span> <span class='ocrx_word' id='word_1_19' title='bbox 509 501 564 566; x_wconf 91' lang='lat' dir='ltr'>IX</span> <span class='ocrx_word' id='word_1_20' title='bbox 585 502 605 566; x_wconf 80' lang='lat'><strong>2</strong></span> <span class='ocrx_word' id='word_1_21' title='bbox 627 524 689 588; x_wconf 91' lang='lat' dir='ltr'>pro</span> <span class='ocrx_word' id='word_1_22' title='bbox 711 501 854 567; x_wconf 89' lang='lat' dir='ltr'>Murena</span> <span class='ocrx_word' id='word_1_23' title='bbox 875 502 925 586; x_wconf 87' lang='lat'>33,</span> <span class='ocrx_word' id='word_1_24' title='bbox 947 503 997 567; x_wconf 88' lang='grc'>69.</span> 
     </span>
    </p>
   </div>
   <div class='ocr_carea' id='block_1_4' title="bbox 6 617 19 678">
    <p class='ocr_par' dir='ltr' id='par_1_4' title="bbox 6 617 19 678">
     <span class='ocr_line' id='line_1_4' title="bbox 6 617 19 678; baseline 0 0"><span class='ocrx_word' id='word_1_25' title='bbox 6 617 19 678; x_wconf 75' lang='lat' dir='ltr'>ir</span> 
     </span>
    </p>
   </div>
   <div class='ocr_carea' id='block_1_5' title="bbox 5 875 23 938">
    <p class='ocr_par' dir='ltr' id='par_1_5' title="bbox 5 875 23 938">
     <span class='ocr_line' id='line_1_5' title="bbox 5 875 23 938; baseline 0 -23"><span class='ocrx_word' id='word_1_26' title='bbox 5 875 23 938; x_wconf 66' lang='lat' dir='ltr'>‚p</span> 
     </span>
    </p>
   </div>
   <div class='ocr_carea' id='block_1_6' title="bbox 138 599 1349 1057">
    <p class='ocr_par' dir='ltr' id='par_1_6' title="bbox 138 599 1349 1057">
     <span class='ocr_line' id='line_1_6' title="bbox 237 599 1346 702; baseline 0.001 -16"><span class='ocrx_word' id='word_1_27' title='bbox 237 619 282 688; x_wconf 87' lang='lat' dir='ltr'>A.</span> <span class='ocrx_word' id='word_1_28' title='bbox 305 617 337 683; x_wconf 81' lang='lat' dir='ltr'>e.</span> <span class='ocrx_word' id='word_1_29' title='bbox 353 619 407 685; x_wconf 84' lang='lat' dir='ltr'>vr</span> <span class='ocrx_word' id='word_1_30' title='bbox 428 618 463 684; x_wconf 84' lang='lat' dir='ltr'>k.</span> <span class='ocrx_word' id='word_1_31' title='bbox 486 599 579 686; x_wconf 70' lang='lat' dir='ltr'>sext.</span> <span class='ocrx_word' id='word_1_32' title='bbox 601 619 722 685; x_wconf 66' lang='lat' dir='ltr'>orooro</span> <span class='ocrx_word' id='word_1_33' title='bbox 745 618 875 686; x_wconf 69' lang='lat' dir='ltr'>renes</span> <span class='ocrx_word' id='word_1_34' title='bbox 901 619 998 684; x_wconf 68' lang='lat' dir='ltr'>vene</span> <span class='ocrx_word' id='word_1_35' title='bbox 1019 619 1063 684; x_wconf 73' lang='lat' dir='ltr'>aa</span> <span class='ocrx_word' id='word_1_36' title='bbox 1084 619 1164 685; x_wconf 75' lang='lat' dir='ltr'>fam.</span> <span class='ocrx_word' id='word_1_37' title='bbox 1187 619 1293 702; x_wconf 83' lang='lat'>1115,</span> <span class='ocrx_word' id='word_1_38' title='bbox 1317 621 1346 687; x_wconf 84' lang='lat'>1.</span> 
     </span>
     <span class='ocr_line' id='line_1_7' title="bbox 241 734 1349 822; baseline 0.002 -22"><span class='ocrx_word' id='word_1_39' title='bbox 241 734 298 800; x_wconf 89' lang='lat' dir='ltr'>Ad</span> <span class='ocrx_word' id='word_1_40' title='bbox 318 736 395 802; x_wconf 91' lang='lat' dir='ltr'>Att.</span> <span class='ocrx_word' id='word_1_41' title='bbox 418 735 452 801; x_wconf 87' lang='lat' dir='ltr'>V</span> <span class='ocrx_word' id='word_1_42' title='bbox 474 736 514 799; x_wconf 88' lang='grc'>14</span> <span class='ocrx_word' id='word_1_43' title='bbox 536 757 565 801; x_wconf 80' lang='lat' dir='ltr'>a.</span> <span class='ocrx_word' id='word_1_44' title='bbox 589 734 621 800; x_wconf 90' lang='lat' dir='ltr'>d.</span> <span class='ocrx_word' id='word_1_45' title='bbox 645 735 741 801; x_wconf 89' lang='lat' dir='ltr'>Vlk</span> <span class='ocrx_word' id='word_1_46' title='bbox 773 735 865 802; x_wconf 88' lang='lat' dir='ltr'>Sext.</span> <span class='ocrx_word' id='word_1_47' title='bbox 892 734 1076 820; x_wconf 84' lang='lat' dir='ltr'>Trallibus,</span> <span class='ocrx_word' id='word_1_48' title='bbox 1109 735 1220 822; x_wconf 80' lang='lat' dir='ltr'>pridie</span> <span class='ocrx_word' id='word_1_49' title='bbox 1254 736 1349 802; x_wconf 87' lang='lat' dir='ltr'>enim</span> 
     </span>
     <span class='ocr_line' id='line_1_8' title="bbox 138 850 1347 940; baseline 0.001 -22"><span class='ocrx_word' id='word_1_50' title='bbox 138 852 277 939; x_wconf 83' lang='lat' dir='ltr'><strong>Epheso</strong></span> <span class='ocrx_word' id='word_1_51' title='bbox 310 852 497 939; x_wconf 79' lang='lat' dir='ltr'>epistulam</span> <span class='ocrx_word' id='word_1_52' title='bbox 530 850 680 917; x_wconf 80' lang='lat' dir='ltr'>dederat.</span> <span class='ocrx_word' id='word_1_53' title='bbox 724 851 781 917; x_wconf 85' lang='lat' dir='ltr'>Ad</span> <span class='ocrx_word' id='word_1_54' title='bbox 813 852 893 918; x_wconf 81' lang='lat' dir='ltr'>fam.</span> <span class='ocrx_word' id='word_1_55' title='bbox 926 853 1024 917; x_wconf 80' lang='lat'>1115</span> <span class='ocrx_word' id='word_1_56' title='bbox 1055 851 1199 918; x_wconf 83' lang='lat' dir='ltr'>fortasse</span> <span class='ocrx_word' id='word_1_57' title='bbox 1231 853 1347 940; x_wconf 92' lang='lat' dir='ltr'>paullo</span> 
     </span>
     <span class='ocr_line' id='line_1_9' title="bbox 142 968 1348 1057; baseline -0.001 -21"><span class='ocrx_word' id='word_1_58' title='bbox 142 977 219 1056; x_wconf 89' lang='lat' dir='ltr'>post</span> <span class='ocrx_word' id='word_1_59' title='bbox 243 970 351 1036; x_wconf 87' lang='lat' dir='ltr'>missa</span> <span class='ocrx_word' id='word_1_60' title='bbox 373 977 439 1052; x_wconf 79' lang='lat' dir='ltr'>est3</span> <span class='ocrx_word' id='word_1_61' title='bbox 473 991 554 1034; x_wconf 89' lang='lat' dir='ltr'>nam</span> <span class='ocrx_word' id='word_1_62' title='bbox 587 968 677 1055; x_wconf 92' lang='lat' dir='ltr'>quod</span> <span class='ocrx_word' id='word_1_63' title='bbox 708 969 882 1035; x_wconf 88' lang='lat' dir='ltr'>Medioeus</span> <span class='ocrx_word' id='word_1_64' title='bbox 904 970 1009 1038; x_wconf 85' lang='lat' dir='ltr'>habet</span> <span class='ocrx_word' id='word_1_65' title='bbox 1039 971 1095 1034; x_wconf 93' lang='lat' dir='ltr'>III</span> <span class='ocrx_word' id='word_1_66' title='bbox 1116 970 1189 1054; x_wconf 81' lang='lat'>5‚4</span> <span class='ocrx_word' id='word_1_67' title='bbox 1216 986 1348 1057; x_wconf 80' lang='lat' dir='ltr'>propter</span> 
     </span>
    </p>
   </div>
   <div class='ocr_carea' id='block_1_7' title="bbox 20 1085 1347 1175">
    <p class='ocr_par' dir='ltr' id='par_1_7' title="bbox 20 1085 1347 1175">
     <span class='ocr_line' id='line_1_10' title="bbox 20 1085 1347 1175; baseline -0.003 -19"><span class='ocrx_word' id='word_1_68' title='bbox 20 1137 26 1174; x_wconf 77' lang='lat'>,</span> <span class='ocrx_word' id='word_1_69' title='bbox 144 1090 303 1154; x_wconf 81' lang='lat' dir='ltr'>Kalendas</span> <span class='ocrx_word' id='word_1_70' title='bbox 310 1089 449 1154; x_wconf 77' lang='lat' dir='ltr'>Sectiles</span> <span class='ocrx_word' id='word_1_71' title='bbox 456 1102 537 1175; x_wconf 84' lang='lat' dir='ltr'>pato</span> <span class='ocrx_word' id='word_1_72' title='bbox 548 1113 595 1152; x_wconf 85' lang='lat' dir='ltr'>me</span> <span class='ocrx_word' id='word_1_73' title='bbox 606 1089 783 1154; x_wconf 80' lang='lat' dir='ltr'>Laodiceae</span> <span class='ocrx_word' id='word_1_74' title='bbox 787 1089 866 1172; x_wconf 84' lang='lat' dir='ltr'>fore</span> <span class='ocrx_word' id='word_1_75' title='bbox 877 1085 1024 1152; x_wconf 84' lang='lat' dir='ltr'>Orellius</span> <span class='ocrx_word' id='word_1_76' title='bbox 1032 1103 1172 1174; x_wconf 84' lang='lat' dir='ltr'>propter,</span> <span class='ocrx_word' id='word_1_77' title='bbox 1186 1086 1347 1171; x_wconf 84' lang='lat' dir='ltr'>quoniam</span> 
     </span>
    </p>
   </div>
   <div class='ocr_carea' id='block_1_8' title="bbox 137 1201 1437 1640">
    <p class='ocr_par' dir='ltr' id='par_1_8' title="bbox 137 1201 1437 1524">
     <span class='ocr_line' id='line_1_11' title="bbox 137 1201 1347 1292; baseline 0 -24"><span class='ocrx_word' id='word_1_78' title='bbox 137 1220 267 1292; x_wconf 79' lang='lat' dir='ltr'>propter</span> <span class='ocrx_word' id='word_1_79' title='bbox 289 1205 456 1270; x_wconf 73' lang='lat' dir='ltr'><em>Kalendas</em></span> <span class='ocrx_word' id='word_1_80' title='bbox 477 1204 612 1269; x_wconf 76' lang='lat' dir='ltr'>Sentilee</span> <span class='ocrx_word' id='word_1_81' title='bbox 633 1201 793 1268; x_wconf 89' lang='lat' dir='ltr'>abhorret</span> <span class='ocrx_word' id='word_1_82' title='bbox 814 1225 834 1268; x_wconf 88' lang='lat' dir='ltr'>a</span> <span class='ocrx_word' id='word_1_83' title='bbox 856 1225 1011 1268; x_wconf 91' lang='lat' dir='ltr'>sermone</span> <span class='ocrx_word' id='word_1_84' title='bbox 1027 1202 1193 1284; x_wconf 75' lang='lat' dir='ltr'>Tulliam,</span> <span class='ocrx_word' id='word_1_85' title='bbox 1217 1225 1235 1268; x_wconf 91' lang='lat' dir='ltr'>e</span> <span class='ocrx_word' id='word_1_86' title='bbox 1257 1203 1347 1268; x_wconf 88' lang='lat' dir='ltr'>male</span> 
     </span>
     <span class='ocr_line' id='line_1_12' title="bbox 138 1319 1437 1409; baseline -0.005 -23"><span class='ocrx_word' id='word_1_87' title='bbox 138 1321 319 1386; x_wconf 86' lang='lat' dir='ltr'>intellecto</span> <span class='ocrx_word' id='word_1_88' title='bbox 348 1319 552 1407; x_wconf 88' lang='lat' dir='ltr'>compendio</span> <span class='ocrx_word' id='word_1_89' title='bbox 566 1346 633 1406; x_wconf 82' lang='lat' dir='ltr'>pr,</span> <span class='ocrx_word' id='word_1_90' title='bbox 662 1319 773 1386; x_wconf 90' lang='lat' dir='ltr'>idest</span> <span class='ocrx_word' id='word_1_91' title='bbox 801 1323 924 1409; x_wconf 77' lang='lat' dir='ltr'>pridie,</span> <span class='ocrx_word' id='word_1_92' title='bbox 962 1327 1074 1388; x_wconf 88' lang='lat' dir='ltr'>ortum</span> <span class='ocrx_word' id='word_1_93' title='bbox 1107 1342 1180 1385; x_wconf 88' lang='lat' dir='ltr'>esse</span> <span class='ocrx_word' id='word_1_94' title='bbox 1217 1327 1345 1404; x_wconf 87' lang='lat' dir='ltr'>censet;</span> <span class='ocrx_word' id='word_1_95' title='bbox 1434 1375 1437 1380; x_wconf 91' lang='grc'><em>,</em></span> 
     </span>
     <span class='ocr_line' id='line_1_13' title="bbox 138 1436 1262 1524; baseline -0.001 -22"><span class='ocrx_word' id='word_1_96' title='bbox 138 1461 248 1523; x_wconf 90' lang='lat' dir='ltr'>quam</span> <span class='ocrx_word' id='word_1_97' title='bbox 270 1437 500 1503; x_wconf 77' lang='lat' dir='ltr'>coniecturam</span> <span class='ocrx_word' id='word_1_98' title='bbox 522 1436 645 1502; x_wconf 89' lang='lat' dir='ltr'>merito</span> <span class='ocrx_word' id='word_1_99' title='bbox 667 1436 815 1502; x_wconf 76' lang='lat' dir='ltr'>editores</span> <span class='ocrx_word' id='word_1_100' title='bbox 837 1437 874 1502; x_wconf 90' lang='lat' dir='ltr'>in</span> <span class='ocrx_word' id='word_1_101' title='bbox 895 1444 1029 1506; x_wconf 89' lang='lat' dir='ltr'>textum</span> <span class='ocrx_word' id='word_1_102' title='bbox 1050 1443 1262 1524; x_wconf 88' lang='lat' dir='ltr'>receperunt.</span> 
     </span>
    </p>

    <p class='ocr_par' dir='ltr' id='par_1_9' title="bbox 248 1552 1345 1640">
     <span class='ocr_line' id='line_1_14' title="bbox 248 1552 1345 1640; baseline 0.001 -22"><span class='ocrx_word' id='word_1_103' title='bbox 248 1552 298 1618; x_wconf 88' lang='lat' dir='ltr'>At</span> <span class='ocrx_word' id='word_1_104' title='bbox 317 1576 345 1620; x_wconf 89' lang='lat' dir='ltr'>a.</span> <span class='ocrx_word' id='word_1_105' title='bbox 368 1552 400 1618; x_wconf 91' lang='lat' dir='ltr'>d.</span> <span class='ocrx_word' id='word_1_106' title='bbox 424 1554 474 1619; x_wconf 93' lang='lat' dir='ltr'>VI</span> <span class='ocrx_word' id='word_1_107' title='bbox 495 1553 529 1618; x_wconf 84' lang='lat' dir='ltr'>k.</span> <span class='ocrx_word' id='word_1_108' title='bbox 552 1552 636 1620; x_wconf 88' lang='lat' dir='ltr'>Sext</span> <span class='ocrx_word' id='word_1_109' title='bbox 657 1552 776 1619; x_wconf 85' lang='lat' dir='ltr'>Cicero</span> <span class='ocrx_word' id='word_1_110' title='bbox 797 1552 842 1618; x_wconf 87' lang='lat' dir='ltr'>ad</span> <span class='ocrx_word' id='word_1_111' title='bbox 863 1552 1020 1618; x_wconf 84' lang='lat' dir='ltr'>Atticum</span> <span class='ocrx_word' id='word_1_112' title='bbox 1042 1553 1179 1640; x_wconf 81' lang='lat' dir='ltr'>scripsit</span> <span class='ocrx_word' id='word_1_113' title='bbox 1200 1553 1232 1618; x_wconf 88' lang='lat' dir='ltr'>V</span> <span class='ocrx_word' id='word_1_114' title='bbox 1256 1553 1304 1637; x_wconf 85' lang='lat'>14,</span> <span class='ocrx_word' id='word_1_115' title='bbox 1328 1555 1345 1619; x_wconf 93' lang='lat'>1</span> 
     </span>
    </p>
   </div>
   <div class='ocr_carea' id='block_1_9' title="bbox 151 1669 1347 1758">
    <p class='ocr_par' dir='ltr' id='par_1_10' title="bbox 151 1669 1347 1758">
     <span class='ocr_line' id='line_1_15' title="bbox 151 1669 1347 1758; baseline 0.001 -24"><span class='ocrx_word' id='word_1_116' title='bbox 151 1675 187 1735; x_wconf 83' lang='lat' dir='ltr'>ire</span> <span class='ocrx_word' id='word_1_117' title='bbox 205 1675 371 1757; x_wconf 74' lang='lat' dir='ltr'>provencia</span> <span class='ocrx_word' id='word_1_118' title='bbox 392 1696 460 1736; x_wconf 85' lang='lat' dir='ltr'>mea</span> <span class='ocrx_word' id='word_1_119' title='bbox 480 1669 551 1750; x_wconf 73' lang='lat' dir='ltr'>fore</span> <span class='ocrx_word' id='word_1_120' title='bbox 572 1696 619 1736; x_wconf 85' lang='lat' dir='ltr'>me</span> <span class='ocrx_word' id='word_1_121' title='bbox 633 1673 788 1758; x_wconf 82' lang='lat' dir='ltr'>putabam</span> <span class='ocrx_word' id='word_1_122' title='bbox 809 1673 838 1735; x_wconf 80' lang='lat' dir='ltr'>lc.</span> <span class='ocrx_word' id='word_1_123' title='bbox 854 1671 1038 1736; x_wconf 73' lang='lat' dir='ltr'>Sectilibae.</span> <span class='ocrx_word' id='word_1_124' title='bbox 1082 1669 1212 1747; x_wconf 79' lang='lat' dir='ltr'>Quodsi</span> <span class='ocrx_word' id='word_1_125' title='bbox 1227 1670 1347 1736; x_wconf 78' lang='lat' dir='ltr'>Cicero</span> 
     </span>
    </p>
   </div>
   <div class='ocr_carea' id='block_1_10' title="bbox 15 1777 1345 1874">
    <p class='ocr_par' dir='ltr' id='par_1_11' title="bbox 15 1777 1345 1874">
     <span class='ocr_line' id='line_1_16' title="bbox 15 1777 1345 1874; baseline -0.002 -19"><span class='ocrx_word' id='word_1_126' title='bbox 15 1777 21 1791; x_wconf 59' lang='lat'>⁸</span> <span class='ocrx_word' id='word_1_127' title='bbox 151 1786 299 1872; x_wconf 89' lang='lat' dir='ltr'>Appium</span> <span class='ocrx_word' id='word_1_128' title='bbox 330 1786 430 1851; x_wconf 92' lang='lat' dir='ltr'>docet</span> <span class='ocrx_word' id='word_1_129' title='bbox 451 1808 486 1851; x_wconf 91' lang='lat' dir='ltr'>se</span> <span class='ocrx_word' id='word_1_130' title='bbox 514 1785 625 1872; x_wconf 85' lang='lat' dir='ltr'>pridie</span> <span class='ocrx_word' id='word_1_131' title='bbox 648 1785 680 1851; x_wconf 88' lang='lat' dir='ltr'>k.</span> <span class='ocrx_word' id='word_1_132' title='bbox 704 1785 851 1853; x_wconf 81' lang='lat' dir='ltr'>Sextiles</span> <span class='ocrx_word' id='word_1_133' title='bbox 882 1784 1071 1852; x_wconf 82' lang='lat' dir='ltr'>Laodiceae</span> <span class='ocrx_word' id='word_1_134' title='bbox 1095 1785 1177 1868; x_wconf 84' lang='lat' dir='ltr'>fore,</span> <span class='ocrx_word' id='word_1_135' title='bbox 1205 1787 1345 1874; x_wconf 86' lang='lat' dir='ltr'>propius</span> 
     </span>
    </p>
   </div>
   <div class='ocr_carea' id='block_1_11' title="bbox 149 1901 798 1988">
    <p class='ocr_par' dir='ltr' id='par_1_12' title="bbox 149 1901 798 1988">
     <span class='ocr_line' id='line_1_17' title="bbox 149 1901 798 1988; baseline 0.002 -21"><span class='ocrx_word' id='word_1_136' title='bbox 149 1901 284 1968; x_wconf 87' lang='lat' dir='ltr'>videtur</span> <span class='ocrx_word' id='word_1_137' title='bbox 306 1903 351 1967; x_wconf 92' lang='lat' dir='ltr'>ad</span> <span class='ocrx_word' id='word_1_138' title='bbox 372 1901 583 1988; x_wconf 87' lang='lat' dir='ltr'>provinciam</span> <span class='ocrx_word' id='word_1_139' title='bbox 605 1903 798 1968; x_wconf 82' lang='lat' dir='ltr'>accessisse.</span> 
     </span>
    </p>
   </div>
   <div class='ocr_carea' id='block_1_12' title="bbox 591 2079 779 2217">
    <p class='ocr_par' dir='ltr' id='par_1_13' title="bbox 591 2079 779 2217">
     <span class='ocr_line' id='line_1_18' title="bbox 591 2079 779 2217; baseline 0 -15"><span class='ocrx_word' id='word_1_140' title='bbox 591 2079 594 2084; x_wconf 24' lang='grc'>1</span> <span class='ocrx_word' id='word_1_141' title='bbox 708 2138 779 2217; x_wconf 69' lang='lat'>§2</span> 
     </span>
    </p>
   </div>
   <div class='ocr_carea' id='block_1_13' title="bbox 140 2285 1347 4008">
    <p class='ocr_par' dir='ltr' id='par_1_14' title="bbox 142 2285 1347 2844">
     <span class='ocr_line' id='line_1_19' title="bbox 245 2285 1346 2373; baseline 0.001 -23"><span class='ocrx_word' id='word_1_142' title='bbox 245 2286 363 2358; x_wconf 88' lang='lat' dir='ltr'>Pridie</span> <span class='ocrx_word' id='word_1_143' title='bbox 385 2286 418 2353; x_wconf 82' lang='lat' dir='ltr'>k.</span> <span class='ocrx_word' id='word_1_144' title='bbox 441 2287 588 2352; x_wconf 76' lang='lat' dir='ltr'>Sextiles</span> <span class='ocrx_word' id='word_1_145' title='bbox 611 2285 730 2352; x_wconf 82' lang='lat' dir='ltr'>Cicero</span> <span class='ocrx_word' id='word_1_146' title='bbox 757 2287 962 2353; x_wconf 88' lang='lat' dir='ltr'>Laodiceam</span> <span class='ocrx_word' id='word_1_147' title='bbox 994 2288 1091 2353; x_wconf 89' lang='lat' dir='ltr'>venit</span> <span class='ocrx_word' id='word_1_148' title='bbox 1123 2287 1180 2370; x_wconf 92' lang='lat' dir='ltr'>(ad</span> <span class='ocrx_word' id='word_1_149' title='bbox 1201 2286 1283 2353; x_wconf 72' lang='lat' dir='ltr'>Aa..</span> <span class='ocrx_word' id='word_1_150' title='bbox 1297 2288 1346 2373; x_wconf 87' lang='lat'>15,</span> 
     </span>
     <span class='ocr_line' id='line_1_20' title="bbox 148 2402 1346 2489; baseline 0.002 -21"><span class='ocrx_word' id='word_1_151' title='bbox 148 2405 175 2470; x_wconf 83' lang='lat'>1.</span> <span class='ocrx_word' id='word_1_152' title='bbox 200 2405 246 2487; x_wconf 82' lang='lat'>16,</span> <span class='ocrx_word' id='word_1_153' title='bbox 267 2405 288 2468; x_wconf 79' lang='lat'><strong>2</strong></span> <span class='ocrx_word' id='word_1_154' title='bbox 310 2405 401 2485; x_wconf 86' lang='lat' dir='ltr'>cet.);</span> <span class='ocrx_word' id='word_1_155' title='bbox 425 2403 491 2468; x_wconf 91' lang='lat' dir='ltr'>hoc</span> <span class='ocrx_word' id='word_1_156' title='bbox 512 2402 568 2468; x_wconf 92' lang='lat' dir='ltr'>die</span> <span class='ocrx_word' id='word_1_157' title='bbox 589 2403 802 2489; x_wconf 86' lang='lat' dir='ltr'>provinciam</span> <span class='ocrx_word' id='word_1_158' title='bbox 822 2404 997 2487; x_wconf 87' lang='lat' dir='ltr'>ingressus</span> <span class='ocrx_word' id='word_1_159' title='bbox 1020 2411 1072 2469; x_wconf 88' lang='lat' dir='ltr'>est</span> <span class='ocrx_word' id='word_1_160' title='bbox 1094 2411 1195 2489; x_wconf 89' lang='lat' dir='ltr'>atque</span> <span class='ocrx_word' id='word_1_161' title='bbox 1218 2427 1261 2470; x_wconf 91' lang='lat' dir='ltr'>ex</span> <span class='ocrx_word' id='word_1_162' title='bbox 1282 2404 1346 2470; x_wconf 93' lang='lat' dir='ltr'>hoc</span> 
     </span>
     <span class='ocr_line' id='line_1_21' title="bbox 148 2519 1347 2604; baseline 0.001 -19"><span class='ocrx_word' id='word_1_163' title='bbox 148 2519 205 2585; x_wconf 92' lang='lat' dir='ltr'>die</span> <span class='ocrx_word' id='word_1_164' title='bbox 227 2521 379 2586; x_wconf 88' lang='lat' dir='ltr'>Atticum</span> <span class='ocrx_word' id='word_1_165' title='bbox 405 2521 541 2587; x_wconf 82' lang='lat' dir='ltr'>clevum</span> <span class='ocrx_word' id='word_1_166' title='bbox 573 2519 656 2585; x_wconf 88' lang='lat' dir='ltr'>anni</span> <span class='ocrx_word' id='word_1_167' title='bbox 677 2542 814 2586; x_wconf 89' lang='lat' dir='ltr'>movere</span> <span class='ocrx_word' id='word_1_168' title='bbox 850 2520 946 2586; x_wconf 90' lang='lat' dir='ltr'>iubet</span> <span class='ocrx_word' id='word_1_169' title='bbox 981 2521 1044 2604; x_wconf 79' lang='lat'>(15,</span> <span class='ocrx_word' id='word_1_170' title='bbox 1069 2522 1115 2604; x_wconf 87' lang='lat'>1);</span> <span class='ocrx_word' id='word_1_171' title='bbox 1149 2528 1222 2587; x_wconf 88' lang='lat' dir='ltr'>erat</span> <span class='ocrx_word' id='word_1_172' title='bbox 1254 2522 1347 2586; x_wconf 89' lang='lat' dir='ltr'>enim</span> 
     </span>
     <span class='ocr_line' id='line_1_22' title="bbox 148 2637 1347 2725; baseline 0.001 -23"><span class='ocrx_word' id='word_1_173' title='bbox 148 2637 233 2703; x_wconf 87' lang='lat' dir='ltr'>haec</span> <span class='ocrx_word' id='word_1_174' title='bbox 253 2659 329 2725; x_wconf 87' lang='lat' dir='ltr'>pars</span> <span class='ocrx_word' id='word_1_175' title='bbox 355 2639 531 2724; x_wconf 76' lang='lat' dir='ltr'>Phrygiae</span> <span class='ocrx_word' id='word_1_176' title='bbox 553 2639 727 2704; x_wconf 81' lang='lat' dir='ltr'>Ciceronis</span> <span class='ocrx_word' id='word_1_177' title='bbox 759 2639 955 2724; x_wconf 88' lang='lat' dir='ltr'>provinciae</span> <span class='ocrx_word' id='word_1_178' title='bbox 989 2639 1155 2704; x_wconf 85' lang='lat' dir='ltr'>attributa</span> <span class='ocrx_word' id='word_1_179' title='bbox 1187 2637 1245 2720; x_wconf 92' lang='lat' dir='ltr'>(ad</span> <span class='ocrx_word' id='word_1_180' title='bbox 1265 2638 1347 2704; x_wconf 83' lang='lat' dir='ltr'>fem.</span> 
     </span>
     <span class='ocr_line' id='line_1_23' title="bbox 142 2732 1299 2844; baseline 0.002 -24"><span class='ocrx_word' id='word_1_181' title='bbox 142 2755 238 2820; x_wconf 85' lang='lat' dir='ltr'>xrn</span> <span class='ocrx_word' id='word_1_182' title='bbox 258 2755 350 2836; x_wconf 70' lang='lat' dir='ltr'>eun</span> <span class='ocrx_word' id='word_1_183' title='bbox 964 2769 966 2774; x_wconf 45' lang='lat'><strong><em>¹</em></strong></span> <span class='ocrx_word' id='word_1_184' title='bbox 1178 2837 1181 2844; x_wconf 17' lang='grc' dir='ltr'>Ι</span> <span class='ocrx_word' id='word_1_185' title='bbox 1295 2732 1299 2738; x_wconf 82' lang='grc'>’</span> 
     </span>
    </p>

    <p class='ocr_par' dir='ltr' id='par_1_15' title="bbox 140 2869 1347 3657">
     <span class='ocr_line' id='line_1_24' title="bbox 242 2869 1347 2957; baseline -0.001 -21"><span class='ocrx_word' id='word_1_186' title='bbox 242 2873 318 2938; x_wconf 90' lang='lat' dir='ltr'>Iam</span> <span class='ocrx_word' id='word_1_187' title='bbox 339 2869 525 2937; x_wconf 89' lang='lat' dir='ltr'>incidimus</span> <span class='ocrx_word' id='word_1_188' title='bbox 547 2870 585 2936; x_wconf 90' lang='lat' dir='ltr'>in</span> <span class='ocrx_word' id='word_1_189' title='bbox 607 2870 786 2936; x_wconf 86' lang='lat' dir='ltr'>difficilem</span> <span class='ocrx_word' id='word_1_190' title='bbox 814 2871 960 2951; x_wconf 88' lang='lat' dir='ltr'>nodum,·</span> <span class='ocrx_word' id='word_1_191' title='bbox 991 2893 1080 2955; x_wconf 93' lang='lat' dir='ltr'>nam,</span> <span class='ocrx_word' id='word_1_192' title='bbox 1117 2871 1241 2957; x_wconf 88' lang='lat' dir='ltr'>quibus</span> <span class='ocrx_word' id='word_1_193' title='bbox 1262 2872 1347 2938; x_wconf 89' lang='lat' dir='ltr'>locis</span> 
     </span>
     <span class='ocr_line' id='line_1_25' title="bbox 140 2987 1344 3075; baseline 0 -21"><span class='ocrx_word' id='word_1_194' title='bbox 140 2990 270 3074; x_wconf 78' lang='lat' dir='ltr'>(licere,</span> <span class='ocrx_word' id='word_1_195' title='bbox 294 2995 378 3073; x_wconf 89' lang='lat' dir='ltr'>quot</span> <span class='ocrx_word' id='word_1_196' title='bbox 399 2987 473 3052; x_wconf 89' lang='lat' dir='ltr'>dies</span> <span class='ocrx_word' id='word_1_197' title='bbox 494 2987 533 3052; x_wconf 91' lang='lat' dir='ltr'>in</span> <span class='ocrx_word' id='word_1_198' title='bbox 554 2987 751 3074; x_wconf 83' lang='lat' dir='ltr'>provinciae</span> <span class='ocrx_word' id='word_1_199' title='bbox 773 2987 909 3075; x_wconf 91' lang='lat' dir='ltr'>oppidis</span> <span class='ocrx_word' id='word_1_200' title='bbox 934 2987 1047 3073; x_wconf 85' lang='lat' dir='ltr'>fuerit,</span> <span class='ocrx_word' id='word_1_201' title='bbox 1080 2996 1205 3073; x_wconf 85' lang='lat' dir='ltr'>narrat,</span> <span class='ocrx_word' id='word_1_202' title='bbox 1237 3011 1344 3074; x_wconf 86' lang='lat' dir='ltr'>usque</span> 
     </span>
     <span class='ocr_line' id='line_1_26' title="bbox 144 3104 1346 3192; baseline 0 -22"><span class='ocrx_word' id='word_1_203' title='bbox 144 3129 182 3172; x_wconf 93' lang='lat' dir='ltr'>e0</span> <span class='ocrx_word' id='word_1_204' title='bbox 204 3105 342 3171; x_wconf 89' lang='lat' dir='ltr'>numeri</span> <span class='ocrx_word' id='word_1_205' title='bbox 365 3104 569 3191; x_wconf 86' lang='lat' dir='ltr'>discrepant,</span> <span class='ocrx_word' id='word_1_206' title='bbox 592 3111 631 3170; x_wconf 86' lang='lat' dir='ltr'>ut</span> <span class='ocrx_word' id='word_1_207' title='bbox 661 3105 699 3170; x_wconf 90' lang='lat' dir='ltr'>in</span> <span class='ocrx_word' id='word_1_208' title='bbox 732 3112 935 3171; x_wconf 89' lang='lat' dir='ltr'>concentum</span> <span class='ocrx_word' id='word_1_209' title='bbox 968 3105 1081 3190; x_wconf 86' lang='lat' dir='ltr'>redigi</span> <span class='ocrx_word' id='word_1_210' title='bbox 1112 3128 1182 3171; x_wconf 89' lang='lat' dir='ltr'>non</span> <span class='ocrx_word' id='word_1_211' title='bbox 1203 3106 1346 3192; x_wconf 88' lang='lat' dir='ltr'>possint.</span> 
     </span>
     <span class='ocr_line' id='line_1_27' title="bbox 145 3220 1346 3308; baseline 0 -21"><span class='ocrx_word' id='word_1_212' title='bbox 145 3222 362 3287; x_wconf 85' lang='lat' dir='ltr'>Hofmannus</span> <span class='ocrx_word' id='word_1_213' title='bbox 385 3220 532 3305; x_wconf 86' lang='lat' dir='ltr'>quidem,</span> <span class='ocrx_word' id='word_1_214' title='bbox 569 3221 600 3286; x_wconf 92' lang='lat' dir='ltr'>si</span> <span class='ocrx_word' id='word_1_215' title='bbox 631 3220 683 3285; x_wconf 86' lang='lat' dir='ltr'>fas</span> <span class='ocrx_word' id='word_1_216' title='bbox 716 3228 769 3286; x_wconf 90' lang='lat' dir='ltr'>est</span> <span class='ocrx_word' id='word_1_217' title='bbox 789 3221 826 3286; x_wconf 89' lang='lat' dir='ltr'>id</span> <span class='ocrx_word' id='word_1_218' title='bbox 848 3221 972 3306; x_wconf 88' lang='lat' dir='ltr'>dicere,</span> <span class='ocrx_word' id='word_1_219' title='bbox 1005 3222 1043 3287; x_wconf 94' lang='lat' dir='ltr'>in</span> <span class='ocrx_word' id='word_1_220' title='bbox 1075 3221 1235 3308; x_wconf 80' lang='lat' dir='ltr'>Scyllam,</span> <span class='ocrx_word' id='word_1_221' title='bbox 1269 3244 1346 3288; x_wconf 90' lang='lat' dir='ltr'>oum</span> 
     </span>
     <span class='ocr_line' id='line_1_28' title="bbox 146 3336 1347 3425; baseline 0.001 -23"><span class='ocrx_word' id='word_1_222' title='bbox 146 3338 253 3403; x_wconf 89' lang='lat' dir='ltr'>vellet</span> <span class='ocrx_word' id='word_1_223' title='bbox 272 3338 383 3404; x_wconf 86' lang='lat' dir='ltr'>vitare</span> <span class='ocrx_word' id='word_1_224' title='bbox 405 3337 627 3421; x_wconf 78' lang='lat' dir='ltr'>Charybdim,</span> <span class='ocrx_word' id='word_1_225' title='bbox 650 3336 788 3402; x_wconf 89' lang='lat' dir='ltr'>videtur</span> <span class='ocrx_word' id='word_1_226' title='bbox 809 3337 985 3421; x_wconf 88' lang='lat' dir='ltr'>incidisse;</span> <span class='ocrx_word' id='word_1_227' title='bbox 1019 3360 1155 3425; x_wconf 91' lang='lat' dir='ltr'>prorsus</span> <span class='ocrx_word' id='word_1_228' title='bbox 1190 3338 1282 3404; x_wconf 89' lang='lat' dir='ltr'>enim</span> <span class='ocrx_word' id='word_1_229' title='bbox 1309 3339 1347 3403; x_wconf 89' lang='lat' dir='ltr'>in</span> 
     </span>
     <span class='ocr_line' id='line_1_29' title="bbox 143 3452 1347 3541; baseline 0.002 -23"><span class='ocrx_word' id='word_1_230' title='bbox 143 3453 268 3520; x_wconf 87' lang='lat' dir='ltr'>diebus</span> <span class='ocrx_word' id='word_1_231' title='bbox 290 3452 513 3541; x_wconf 89' lang='lat' dir='ltr'>disponendis</span> <span class='ocrx_word' id='word_1_232' title='bbox 535 3454 650 3539; x_wconf 90' lang='lat' dir='ltr'>lapsus</span> <span class='ocrx_word' id='word_1_233' title='bbox 677 3460 739 3537; x_wconf 89' lang='lat' dir='ltr'>est,</span> <span class='ocrx_word' id='word_1_234' title='bbox 773 3454 899 3541; x_wconf 90' lang='lat' dir='ltr'>quippe</span> <span class='ocrx_word' id='word_1_235' title='bbox 921 3476 999 3519; x_wconf 90' lang='lat' dir='ltr'>cum</span> <span class='ocrx_word' id='word_1_236' title='bbox 1021 3455 1075 3520; x_wconf 90' lang='lat' dir='ltr'>vir</span> <span class='ocrx_word' id='word_1_237' title='bbox 1106 3453 1226 3520; x_wconf 86' lang='lat' dir='ltr'>doctus</span> <span class='ocrx_word' id='word_1_238' title='bbox 1247 3453 1347 3522; x_wconf 86' lang='lat' dir='ltr'>fastis</span> 
     </span>
     <span class='ocr_line' id='line_1_30' title="bbox 140 3569 693 3657; baseline -0.004 -21"><span class='ocrx_word' id='word_1_239' title='bbox 140 3571 229 3636; x_wconf 88' lang='lat' dir='ltr'>anni</span> <span class='ocrx_word' id='word_1_240' title='bbox 249 3569 515 3657; x_wconf 88' lang='lat' dir='ltr'>postcaeseriani</span> <span class='ocrx_word' id='word_1_241' title='bbox 536 3592 617 3635; x_wconf 92' lang='lat' dir='ltr'>usus</span> <span class='ocrx_word' id='word_1_242' title='bbox 639 3571 693 3636; x_wconf 90' lang='lat' dir='ltr'>sit.</span> 
     </span>
    </p>

    <p class='ocr_par' dir='ltr' id='par_1_16' title="bbox 143 3685 1346 4008">
     <span class='ocr_line' id='line_1_31' title="bbox 245 3685 1346 3776; baseline 0.003 -25"><span class='ocrx_word' id='word_1_243' title='bbox 245 3686 412 3771; x_wconf 84' lang='lat' dir='ltr'>Legimus</span> <span class='ocrx_word' id='word_1_244' title='bbox 439 3685 483 3750; x_wconf 91' lang='lat' dir='ltr'>ad</span> <span class='ocrx_word' id='word_1_245' title='bbox 508 3685 581 3752; x_wconf 84' lang='lat' dir='ltr'>Att.</span> <span class='ocrx_word' id='word_1_246' title='bbox 615 3686 648 3753; x_wconf 90' lang='lat' dir='ltr'>V</span> <span class='ocrx_word' id='word_1_247' title='bbox 669 3687 761 3771; x_wconf 81' lang='lat'>20,1</span> <span class='ocrx_word' id='word_1_248' title='bbox 795 3689 985 3753; x_wconf 79' lang='lat' dir='ltr'>Laodiceam</span> <span class='ocrx_word' id='word_1_249' title='bbox 1000 3689 1115 3776; x_wconf 77' lang='lat' dir='ltr'>pridie</span> <span class='ocrx_word' id='word_1_250' title='bbox 1147 3691 1177 3753; x_wconf 78' lang='lat' dir='ltr'>le.</span> <span class='ocrx_word' id='word_1_251' title='bbox 1210 3690 1346 3756; x_wconf 73' lang='lat' dir='ltr'>Sextiles</span> 
     </span>
     <span class='ocr_line' id='line_1_32' title="bbox 143 3798 1345 3890; baseline 0 -20"><span class='ocrx_word' id='word_1_252' title='bbox 143 3809 293 3870; x_wconf 79' lang='lat' dir='ltr'>venimus.</span> <span class='ocrx_word' id='word_1_253' title='bbox 338 3802 392 3868; x_wconf 77' lang='lat' dir='ltr'>Iti</span> <span class='ocrx_word' id='word_1_254' title='bbox 421 3807 537 3868; x_wconf 82' lang='lat' dir='ltr'>morati</span> <span class='ocrx_word' id='word_1_255' title='bbox 563 3805 706 3869; x_wconf 79' lang='lat' dir='ltr'>biduum:</span> <span class='ocrx_word' id='word_1_256' title='bbox 738 3803 870 3869; x_wconf 84' lang='lat' dir='ltr'>scilicet</span> <span class='ocrx_word' id='word_1_257' title='bbox 901 3798 1013 3890; x_wconf 85' lang='lat' dir='ltr'>pridie</span> <span class='ocrx_word' id='word_1_258' title='bbox 1045 3802 1079 3869; x_wconf 85' lang='lat' dir='ltr'>k.</span> <span class='ocrx_word' id='word_1_259' title='bbox 1112 3812 1147 3869; x_wconf 87' lang='lat' dir='ltr'>et</span> <span class='ocrx_word' id='word_1_260' title='bbox 1178 3803 1345 3879; x_wconf 69' lang='lat' dir='ltr'>kalendIs.</span> 
     </span>
     <span class='ocr_line' id='line_1_33' title="bbox 148 3918 1346 4008; baseline 0.002 -24"><span class='ocrx_word' id='word_1_261' title='bbox 148 3923 307 4008; x_wconf 79' lang='lat' dir='ltr'>Apameae</span> <span class='ocrx_word' id='word_1_262' title='bbox 330 3924 464 4007; x_wconf 80' lang='lat' dir='ltr'>quinque</span> <span class='ocrx_word' id='word_1_263' title='bbox 487 3922 570 3986; x_wconf 80' lang='lat' dir='ltr'>dies:</span> <span class='ocrx_word' id='word_1_264' title='bbox 592 3919 664 3984; x_wconf 90' lang='lat' dir='ltr'>scil.</span> <span class='ocrx_word' id='word_1_265' title='bbox 680 3919 723 3984; x_wconf 85' lang='lat' dir='ltr'>ab</span> <span class='ocrx_word' id='word_1_266' title='bbox 745 3940 773 3984; x_wconf 83' lang='lat' dir='ltr'>a.</span> <span class='ocrx_word' id='word_1_267' title='bbox 791 3919 823 3984; x_wconf 91' lang='lat' dir='ltr'>d.</span> <span class='ocrx_word' id='word_1_268' title='bbox 837 3918 889 3984; x_wconf 90' lang='lat' dir='ltr'>IV</span> <span class='ocrx_word' id='word_1_269' title='bbox 904 3939 983 3984; x_wconf 91' lang='lat' dir='ltr'>non.</span> <span class='ocrx_word' id='word_1_270' title='bbox 999 3918 1091 3986; x_wconf 86' lang='lat' dir='ltr'>Sext.</span> <span class='ocrx_word' id='word_1_271' title='bbox 1107 3920 1151 3986; x_wconf 88' lang='lat' dir='ltr'>ad</span> <span class='ocrx_word' id='word_1_272' title='bbox 1165 3942 1194 3987; x_wconf 84' lang='lat' dir='ltr'>a.</span> <span class='ocrx_word' id='word_1_273' title='bbox 1211 3919 1243 3987; x_wconf 91' lang='lat' dir='ltr'>d.</span> <span class='ocrx_word' id='word_1_274' title='bbox 1259 3920 1346 3986; x_wconf 88' lang='lat' dir='ltr'>VIII</span> 
     </span>
    </p>
   </div>
   <div class='ocr_carea' id='block_1_14' title="bbox 140 4150 1346 4559">
    <p class='ocr_par' dir='ltr' id='par_1_17' title="bbox 140 4150 1346 4559">
     <span class='ocr_line' id='line_1_34' title="bbox 245 4150 1346 4224; baseline 0 -18"><span class='ocrx_word' id='word_1_275' title='bbox 245 4152 266 4220; x_wconf 87' lang='lat'>¹)</span> <span class='ocrx_word' id='word_1_276' title='bbox 286 4152 377 4207; x_wconf 88' lang='lat' dir='ltr'>Haud</span> <span class='ocrx_word' id='word_1_277' title='bbox 394 4151 527 4224; x_wconf 84' lang='lat' dir='ltr'>paenitet</span> <span class='ocrx_word' id='word_1_278' title='bbox 545 4151 679 4207; x_wconf 83' lang='lat' dir='ltr'>conferre</span> <span class='ocrx_word' id='word_1_279' title='bbox 697 4150 861 4206; x_wconf 83' lang='lat' dir='ltr'>orationem</span> <span class='ocrx_word' id='word_1_280' title='bbox 871 4167 925 4223; x_wconf 89' lang='lat' dir='ltr'>pro</span> <span class='ocrx_word' id='word_1_281' title='bbox 937 4151 1046 4214; x_wconf 78' lang='lat' dir='ltr'>Flacco</span> <span class='ocrx_word' id='word_1_282' title='bbox 1058 4170 1127 4207; x_wconf 89' lang='lat' dir='ltr'>oum</span> <span class='ocrx_word' id='word_1_283' title='bbox 1144 4152 1279 4224; x_wconf 88' lang='lat' dir='ltr'>epistulis</span> <span class='ocrx_word' id='word_1_284' title='bbox 1290 4153 1346 4207; x_wconf 85' lang='lat' dir='ltr'>ho&#39;c</span> 
     </span>
     <span class='ocr_line' id='line_1_35' title="bbox 145 4235 1346 4308; baseline -0.002 -15"><span class='ocrx_word' id='word_1_285' title='bbox 145 4255 223 4293; x_wconf 81' lang='lat' dir='ltr'>anno</span> <span class='ocrx_word' id='word_1_286' title='bbox 242 4237 333 4304; x_wconf 86' lang='lat' dir='ltr'>datis;</span> <span class='ocrx_word' id='word_1_287' title='bbox 352 4237 495 4291; x_wconf 80' lang='lat' dir='ltr'>Flaccum</span> <span class='ocrx_word' id='word_1_288' title='bbox 512 4235 592 4291; x_wconf 87' lang='lat' dir='ltr'>enim</span> <span class='ocrx_word' id='word_1_289' title='bbox 614 4253 682 4290; x_wconf 90' lang='lat' dir='ltr'>cum</span> <span class='ocrx_word' id='word_1_290' title='bbox 700 4235 802 4290; x_wconf 85' lang='lat' dir='ltr'>Cicero</span> <span class='ocrx_word' id='word_1_291' title='bbox 826 4235 1006 4304; x_wconf 83' lang='lat' dir='ltr'>defenderet,</span> <span class='ocrx_word' id='word_1_292' title='bbox 1029 4236 1085 4292; x_wconf 87' lang='lat' dir='ltr'>hoc</span> <span class='ocrx_word' id='word_1_293' title='bbox 1107 4235 1251 4308; x_wconf 84' lang='lat' dir='ltr'>imprimis</span> <span class='ocrx_word' id='word_1_294' title='bbox 1272 4235 1346 4290; x_wconf 91' lang='lat' dir='ltr'>nite-</span> 
     </span>
     <span class='ocr_line' id='line_1_36' title="bbox 143 4318 1345 4392; baseline -0.003 -16"><span class='ocrx_word' id='word_1_295' title='bbox 143 4321 233 4376; x_wconf 85' lang='lat' dir='ltr'>batur</span> <span class='ocrx_word' id='word_1_296' title='bbox 255 4325 445 4391; x_wconf 81' lang='lat' dir='ltr'>argumento,</span> <span class='ocrx_word' id='word_1_297' title='bbox 470 4319 622 4391; x_wconf 84' lang='lat' dir='ltr'>Phrygem</span> <span class='ocrx_word' id='word_1_298' title='bbox 643 4319 740 4391; x_wconf 80' lang='lat' dir='ltr'>plagis</span> <span class='ocrx_word' id='word_1_299' title='bbox 760 4318 913 4374; x_wconf 90' lang='lat' dir='ltr'>meliorem</span> <span class='ocrx_word' id='word_1_300' title='bbox 934 4319 1007 4387; x_wconf 90' lang='lat' dir='ltr'>fieri,</span> <span class='ocrx_word' id='word_1_301' title='bbox 1029 4319 1164 4392; x_wconf 87' lang='lat' dir='ltr'>epistulis</span> <span class='ocrx_word' id='word_1_302' title='bbox 1188 4325 1287 4375; x_wconf 86' lang='lat' dir='ltr'>autem</span> <span class='ocrx_word' id='word_1_303' title='bbox 1308 4319 1345 4373; x_wconf 84' lang='lat' dir='ltr'>ad</span> 
     </span>
     <span class='ocr_line' id='line_1_37' title="bbox 144 4400 1331 4475; baseline -0.004 -15"><span class='ocrx_word' id='word_1_304' title='bbox 144 4405 281 4460; x_wconf 78' lang='lat' dir='ltr'>Atticum</span> <span class='ocrx_word' id='word_1_305' title='bbox 299 4421 368 4458; x_wconf 91' lang='lat' dir='ltr'>cum</span> <span class='ocrx_word' id='word_1_306' title='bbox 385 4403 481 4475; x_wconf 83' lang='lat' dir='ltr'>Appio</span> <span class='ocrx_word' id='word_1_307' title='bbox 499 4402 643 4458; x_wconf 86' lang='lat' dir='ltr'>invidiam</span> <span class='ocrx_word' id='word_1_308' title='bbox 663 4402 755 4459; x_wconf 87' lang='lat' dir='ltr'>vellet</span> <span class='ocrx_word' id='word_1_309' title='bbox 777 4401 905 4458; x_wconf 85' lang='lat' dir='ltr'>conflare</span> <span class='ocrx_word' id='word_1_310' title='bbox 923 4402 1080 4470; x_wconf 88' lang='lat' dir='ltr'>etodium,</span> <span class='ocrx_word' id='word_1_311' title='bbox 1102 4413 1212 4473; x_wconf 81' lang='lat' dir='ltr'>quanta</span> <span class='ocrx_word' id='word_1_312' title='bbox 1234 4400 1331 4457; x_wconf 70' lang='lat' dir='ltr'>miseri</span> 
     </span>
     <span class='ocr_line' id='line_1_38' title="bbox 140 4485 981 4559; baseline -0.01 -13"><span class='ocrx_word' id='word_1_313' title='bbox 140 4489 255 4558; x_wconf 78' lang='lat' dir='ltr'>cordia,</span> <span class='ocrx_word' id='word_1_314' title='bbox 274 4493 387 4559; x_wconf 85' lang='lat' dir='ltr'>quanta</span> <span class='ocrx_word' id='word_1_315' title='bbox 404 4486 448 4542; x_wconf 84' lang='lat' dir='ltr'>ira</span> <span class='ocrx_word' id='word_1_316' title='bbox 466 4486 569 4542; x_wconf 81' lang='lat' dir='ltr'>Cicero</span> <span class='ocrx_word' id='word_1_317' title='bbox 586 4486 705 4544; x_wconf 85' lang='lat' dir='ltr'>videtur</span> <span class='ocrx_word' id='word_1_318' title='bbox 722 4502 787 4541; x_wconf 88' lang='lat' dir='ltr'>esse</span> <span class='ocrx_word' id='word_1_319' title='bbox 805 4485 981 4542; x_wconf 86' lang='lat' dir='ltr'>commotus!</span> 
     </span>
    </p>
   </div>
   <div class='ocr_carea' id='block_1_15' title="bbox 1162 4585 1195 4639">
    <p class='ocr_par' dir='ltr' id='par_1_18' title="bbox 1162 4585 1195 4639">
     <span class='ocr_line' id='line_1_39' title="bbox 1162 4585 1195 4639; baseline 0 -21"><span class='ocrx_word' id='word_1_320' title='bbox 1162 4585 1195 4639; x_wconf 61' lang='lat'>2*</span> 
     </span>
    </p>
   </div>
   <div class='ocr_carea' id='block_1_16' title="bbox 0 0 1636 4926">
    <p class='ocr_par' dir='ltr' id='par_1_19' title="bbox 0 0 1636 4926">
     <span class='ocr_line' id='line_1_40' title="bbox 0 0 1636 4926; baseline 0 1"><span class='ocrx_word' id='word_1_321' title='bbox 0 0 1636 4926; x_wconf 95' lang='lat' dir='ltr'> </span> 
     </span>
    </p>
   </div>
  </div>
 </body>
</html>
