3262 4926
708 157 751 223 29

121 341 298 407 Amanum
322 362 446 428 pecore
468 339 659 406 constituit.
694 337 816 425 Iteque
838 339 1013 406 simulavit
1035 361 1071 404 se
1085 337 1262 404 discedere
1284 338 1326 404 tb

119 459 255 524 Amano
280 465 320 523 et
348 439 438 523 'elias
470 455 613 524 Ciliciae
645 463 759 545 portes
791 463 909 544 petere
941 477 1086 542 cumque
1118 455 1254 522 abesset
1284 454 1328 520 eb

119 577 254 640 Amano
278 575 353 641 iter
372 575 474 641 unius
496 574 567 641 diei
589 581 625 640 et
656 582 767 640 cestre
798 573 889 661 apud
911 573 1149 662 Epiphaneam
1180 572 1327 655 fecisset,

118 715 145 758 e.
167 692 199 758 d.
223 691 280 756 IV
304 691 354 756 id.
377 691 450 757 Oet.
478 713 556 757 cum
582 691 881 778 advesperasceret
905 689 1065 777 expedito
1095 689 1247 755 exercitu
1279 689 1328 754 ite

120 818 220 875 noctu
241 810 319 888 iter
340 808 433 894 fecit,
455 814 494 875 ut
515 831 544 875 e.
567 809 599 875 d.
622 809 678 874 III
699 807 745 874 id.
757 808 840 893 Oct,
863 830 942 874 oum
954 808 1150 892 lucesceret,
1173 809 1210 872 in
1224 807 1327 872 Ame-

125 949 199 991 num
222 925 436 992 escenderet
459 926 516 1008 (ed
536 925 618 992 fem.
639 927 708 992 XV
730 928 759 1011 4,
780 927 827 1009 8).

215 1041 331 1108 Haud
352 1042 503 1107 alienum
524 1042 663 1108 videtur
685 1065 758 1108 esse
781 1041 936 1109 conferre
965 1043 1033 1108 iter
1058 1042 1142 1126 Gyri
1174 1042 1325 1108 minoris.

125 1161 229 1244 Cyrus
242 1159 390 1245 quidem
401 1182 422 1224 e
433 1159 540 1225 Denis
555 1159 763 1225 excercitum
774 1181 835 1246 per
847 1159 951 1226 Tauri
964 1161 1063 1246 pylas
1080 1158 1186 1244 duxit,
1203 1157 1326 1244 quibus

124 1275 297 1363 superetis
319 1297 481 1359 magnam
503 1276 684 1362 planitiem
705 1284 937 1360 transgressus
961 1266 1090 1361 quartis
1112 1275 1231 1342 cestris
1247 1274 1327 1340 Ter-

125 1415 198 1458 sum
217 1393 342 1472 vem't;
373 1393 463 1457 Xen.
492 1391 603 1457 Ansb.
631 1393 650 1456 I
680 1393 709 1476 2,
741 1392 783 1456 23
815 1392 958 1476 καταβάς
979 1395 1015 1460 δὲ
1035 1391 1090 1458 διά
1121 1391 1236 1459 τούτου
1268 1396 1325 1458 τού

132 1513 240 1576 πεδίου
263 1511 364 1596 ἤλασε
385 1507 554 1594 σταθμούς
574 1515 728 1597 τέτταρας
753 1509 967 1598 παρασάγγας
1004 1515 1102 1578 πέντε
1122 1516 1176 1576 καὶ
1198 1515 1327 1593 εἴκοσιν,

135 1631 176 1704 εἰς
197 1628 346 1713 Ταρσούς.
391 1626 495 1692 Tarso
527 1626 686 1692 secundis
720 1627 839 1692 cestris
872 1627 916 1692 ed
948 1628 1106 1711 Pssrum,
1140 1627 1252 1692 tertiis
1284 1628 1328 1693 ed

138 1744 314 1828 Pyramum
328 1745 435 1822 venit,
451 1744 542 1829 quod
556 1743 600 1809 ed
613 1743 742 1810 flumen
756 1745 992 1832 Mopsuhestie
1007 1745 1074 1810 site
1090 1751 1159 1828 est;
1183 1744 1293 1810 Anah.
1308 1745 1327 1810 Ι

138 1862 165 1944 4,
186 1864 204 1926 1
225 1865 373 1930 ἐντεῦθεν
393 1861 553 1940 ἐξελαύνει
574 1863 743 1947 σταθμοὺς
763 1863 822 1929 δύο
848 1863 1061 1950 παρασάγγας
1086 1865 1162 1928 δέκα
1185 1865 1242 1929 ἐπὶ
1264 1863 1326 1932 τὸν

142 1978 247 2067 Ψάρον
270 1980 424 2064 ποταμόν.
464 1979 639 2048 Ἐντεῦθεν
660 1979 820 2058 ἐξελαύνει
845 1979 1003 2064 σταθμὸν
1028 1987 1086 2047 ἕνα
1114 1980 1327 2068 παρασάγγας

138 2101 235 2162 πέντε
258 2098 310 2162 ἐπὶ
331 2096 390 2164 τὸν
412 2095 567 2184 Πύραμον
588 2096 751 2182 παταμόν.
802 2097 913 2162 Issum
947 2096 1094 2182 denique
1127 2097 1285 2176 secundis
1307 2121 1327 2162 e

134 2213 279 2297 Pyramo
335 2214 456 2279 cestris
510 2214 608 2279 venit
656 2217 810 2281 ἐντεῦθεν
851 2215 1012 2293 ἐξελαύνει
1060 2213 1228 2298 σταθμούς
1270 2212 1327 2280 δύο

134 2332 342 2419 παρασάγγας
369 2337 467 2398 πέντε
487 2337 541 2398 καὶ
567 2334 644 2398 δέκα
665 2337 710 2410 εἰς
737 2331 859 2409 Ισσούς,
903 2332 1022 2398 Cicero
1054 2333 1113 2416 qui
1145 2333 1189 2397 ad
1221 2332 1327 2416 Pyro·

136 2469 217 2514 mum
240 2473 272 2514 e.
295 2448 329 2515 d.
352 2447 440 2513 VIII
465 2448 510 2514 id.
534 2448 609 2514 Oct.
636 2456 717 2533 eret,
744 2449 788 2514 ed
809 2449 982 2514 Amanum
1008 2448 1145 2514 videtur
1171 2472 1199 2514 a.
1223 2448 1254 2514 d.
1276 2448 1328 2514 VI
1393 2469 1396 2476 ’

134 2564 172 2630 id.
193 2567 268 2632 Oct
292 2565 439 2648 venisse,
461 2565 543 2631 inde
565 2588 594 2632 a.
618 2566 649 2630 d.
672 2565 705 2629 V
726 2565 772 2631 id.
796 2566 869 2632 Oct.
891 2566 1131 2652 Epiphaneam
1152 2567 1290 2632 redisse.

224 2685 281 2748 De
305 2682 461 2768 epistulis
483 2682 527 2748 ed
548 2683 637 2770 App.
653 2683 744 2748 III8
765 2691 801 2748 et
822 2683 867 2748 ed
889 2684 982 2749 Geel.-
1002 2684 1039 2748 H
1053 2685 1074 2749 9
1088 2683 1153 2748 hoc
1173 2699 1326 2769 tempore

129 2822 155 2866 e.
177 2800 208 2866 d.
232 2799 326 2864 VIII
348 2798 393 2864 id.
417 2797 488 2864 Oct.
513 2798 601 2864 detis
619 2799 661 2868 ,in
681 2799 793 2886 primo
815 2800 926 2886 capite
949 2799 1207 2885 disputavimus.

226 2916 299 2982 Sed
326 2914 518 3000 videamus,
552 2915 714 3001 quonism
742 2916 794 2983 de·
817 2917 882 2982 hec
913 2938 951 2982 re
983 2917 1215 2990 controversie
1236 2919 1327 2983 iuter

126 3034 216 3099 viros
241 3032 360 3098 doctos
383 3039 443 3115 est,
467 3054 532 3116 quo
558 3033 677 3099 ordine
699 3033 818 3099 Cicero
844 3056 898 3098 res
925 3041 1051 3098 narret.
1093 3031 1150 3108 Ad
1172 3033 1327 3098 Atticum

127 3149 269 3234 quidem
286 3148 319 3212 V
340 3147 383 3212 20
403 3148 452 3212 ite
474 3148 517 3213 de
539 3148 683 3214 victorie
705 3171 766 3214 sue
787 3156 822 3214 et
844 3148 891 3214 de
908 3149 1032 3216 itiner-e
1053 3150 1167 3232 refert,
1189 3156 1237 3214 ut
1249 3172 1326 3215 oum

125 3264 321 3331 instituerit
345 3263 387 3328 de
408 3264 546 3330 Parthis
573 3286 683 3349 egere,
712 3265 917 3352 interponet,
946 3289 1028 3352 ques
1055 3288 1109 3332 res
1135 3268 1172 3332 in
1193 3267 1327 3332 Amano

125 3382 284 3468 gesserit,
293 3381 398 3476 qussi
411 3381 538 3465 gestiet
552 3383 753 3448 cum-emico
769 3383 1019 3449 communicare
1035 3407 1071 3448 se
1086 3384 1326 3470 imperatorem

125 3500 341 3586 appellatum
363 3521 449 3582 esss;
484 3499 552 3564 iem
578 3498 675 3564 eddit
696 3500 729 3565 V
749 3501 841 3584 20‚3
873 3503 924 3566 iti
948 3502 1016 3567 dios
1043 3506 1177 3587 puroque
1203 3505 1326 3584 morati,

127 3619 255 3704 direpto
277 3631 444 3681 attestato
466 3618 598 3698 Amano,
621 3618 695 3680 ιἰτάε
717 3617 933 3700 άτεαεεεύιπιες
959 3621 1023 3682 seis
1045 3622 1127 3682 enirn
1148 3620 1219 3683 dici
1238 3643 1327 3703 quoe·

128 3735 202 3798 dom
228 3730 364 3809 navensi,
392 3734 560 3800 dictitent
590 3730 631 3796 τά
656 3730 733 3798 κενά
754 3736 812 3798 τού
834 3735 995 3816 ’.πολέμια
1015 3741 1151 3800 'rumore
1179 3737 1326 3800 aduentus
1356 3796 1359 3801 .

128 3855 231 3917 uestri
251 3866 280 3915 et
301 3853 420 3932 Cassio,
443 3855 500 3936 qui
519 3852 691 3916 Antiochia
713 3854 878 3933 terrebatur,
901 3856 1025 3917 enimus
1048 3856 1178 3918 accessit
1199 3867 1227 3918 et
1247 3854 1325 3916 Par-

126 3971 191 4035 this
224 3972 326 4034 timor,
347 3972 479 4033 iniectus
507 3983 565 4033 est:
598 3973 702 4054 itaque
734 3994 784 4034 eos
816 3971 954 4034 cedentes
980 3973 1018 4034 ab
1048 3970 1165 4057 oppido
1199 3969 1327 4034 Cassius

109 4063 286 4154 'insecutos
308 4113 372 4151 rem
393 4089 465 4152 beree
484 4091 590 4175 pessit.
628 4084 728 4162 Quod
736 4085 952 4166 'Tunstellius
976 4087 1026 4168 (in
1047 4109 1099 4172 ep.
1122 4085 1165 4150 ed
1180 4083 1326 4150 Middle·

129 4210 247 4268 tonem
269 4201 601 4288 prememoratus
622 4201 891 4289 interpretentur
906 4202 1106 4267 Ciceronem
1128 4201 1171 4267 ab
1192 4199 1325 4267 Ameno

131 4318 337 4404 discessisse,
371 4341 448 4384 oum
480 4317 547 4384 sibi
567 4317 712 4404 punicus
737 4325 847 4384 terror
869 4341 889 4384 e
910 4309 1047 4384 Parthis
1074 4319 1201 4384 inlatus
1228 4323 1326 4402 esset,

128 4443 167 4502 ‚et
187 4435 268 4500 huic
289 4435 357 4521 ipsi
378 4434 544 4521 epistulae
565 4441 743 4520 repugnet,
765 4457 831 4520 que
852 4435 970 4501 Cicero
995 4435 1170 4522 glorietur,
1191 4455 1327 4501 rumore
