3262 4926
885 213 927 276 42

312 422 375 461 esse
398 396 536 482 officium
561 422 657 460 rueruu
675 401 791 480 putam
804 400 973 460 exercitum
991 399 1102 461 babere
1118 422 1209 482 quam
1224 421 1381 485 proxume
1395 401 1524 464 bostem

313 514 416 599 qaroad
446 514 529 577 milri
556 538 703 599 praeesse
730 518 919 599 prouinciae
944 538 1008 599 per
1036 528 1159 578 senatus
1194 517 1362 579 oousrrltum
1395 518 1522 580 liceret.

313 628 459 692 Videtur
471 629 599 712 Cicera,
616 651 693 692 cum
709 628 828 693 scribit
843 651 879 692 se
892 629 1078 694 exercitum
1089 621 1215 694 liabere
1232 652 1332 714 quam
1348 653 1525 716 proxume

313 745 454 829 hostem,
483 745 596 830 copias
619 767 638 809 a
659 745 807 829 Pyramo
834 744 877 809 ad
899 745 1072 809 Amanum
1098 744 1244 810 duxisse.
1291 745 1404 822 Quare
1431 746 1524 811 ferri
1595 799 1596 826 ,

313 868 425 947 potest
446 861 594 926 Manutii
617 862 811 926 coniectura
833 860 876 926 ad
898 861 971 926 Att.
994 862 1045 926 VI
1067 863 1095 946 7,
1117 863 1137 926 2
1165 865 1239 928 Tiro
1261 865 1305 928 od
1324 877 1351 928 te
1378 865 1526 930 dedisset

314 981 443 1061 litteras,
467 984 534 1045 ursi
554 1005 620 1043 eum
639 983 780 1066 praviter
801 1005 926 1066 aeprum
948 981 1014 1044 Issi
1032 979 1085 1060 (M
1097 1002 1104 1044 ε
1128 980 1207 1059 esse)
1230 982 1437 1065 reliquissem.

414 1097 476 1182 Ep.
500 1094 543 1160 ad
565 1095 644 1159 fam.
660 1096 697 1158 Π
713 1096 752 1159 17
772 1116 800 1159 a.
817 1094 848 1158 d.
865 1095 952 1159 XVI
967 1095 999 1159 k.
1024 1095 1114 1160 Sext.
1138 1097 1295 1181 paullcve
1317 1104 1395 1181 post
1418 1097 1525 1162 Tarsi

315 1217 359 1293 (v.
373 1216 391 1294 ξ
405 1214 446 1292 1).
473 1213 527 1277 Ex
543 1211 607 1276 hac
623 1211 769 1296 epistula
784 1211 989 1296 perspicitur
1002 1211 1134 1276 interea
1145 1212 1290 1278 Parthos
1307 1212 1524 1279 discessisse.

314 1331 368 1394 lta
400 1336 514 1394 autem
544 1329 663 1394 Cicero
696 1350 762 1412 qua
791 1328 848 1393 via
880 1327 1050 1393 rediturus
1079 1330 1125 1394 sit
1159 1330 1314 1415 exponit:
1347 1332 1408 1410 §1
1439 1359 1526 1397 eoue-

315 1462 504 1516 moraturum
526 1461 572 1511 r'uc
595 1473 746 1532 nusquam
772 1471 845 1511 saue
872 1449 1020 1528 arbitror,
1043 1449 1186 1512 Rhodum
1209 1450 1391 1513 Ciceronum
1421 1476 1524 1514 carisa

308 1589 480 1652 puerorum
503 1558 696 1628 accessurum
711 1579 791 1652 puto
814 1589 909 1649 neque
932 1565 970 1629 id
995 1579 1094 1628 tamcu
1121 1579 1243 1629 certum.
1288 1565 1350 1644 §4
1381 1591 1434 1630 eas
1462 1592 1525 1631 uos
1595 1637 1596 1642 .

317 1685 474 1768 Apameae
490 1682 640 1768 deponere
662 1685 880 1770 capiebamus.
914 1683 1090 1747 Laodiceae
1104 1707 1150 1746 me
1165 1684 1300 1768 praedes
1319 1698 1525 1770 accepturum

316 1801 454 1863 arbitror
476 1803 575 1880 cuiuis
589 1804 747 1886 peciruioe
766 1802 923 1886 publicae.
966 1796 1097 1862 Eadem
1124 1797 1196 1862 fere
1226 1798 1458 1882 rationeque
1483 1801 1523 1864 in

315 1937 368 2001 cp.
392 1914 435 1979 ad
457 1915 529 1979 Ait.
545 1915 596 1980 VI
618 1915 637 1978 7
660 1942 713 2002 epo
736 1917 911 1981 Laodiceae
933 1929 1123 2000 quaestorem
1145 1918 1331 1980 lllrscr'uium
1354 1933 1523 2002 rupertum

317 2037 401 2098 iussi
420 2032 469 2113 (M
492 2033 590 2114 misi),
614 2047 647 2096 ut
668 2032 824 2116 confectas
846 2035 983 2096 rationes
1010 2034 1073 2118 lepe
1095 2033 1186 2095 dulia
1213 2035 1301 2116 apud
1326 2034 1404 2097 duas
1441 2038 1523 2099 ciui-

317 2165 393 2214 tates
407 2175 534 2238 possem
556 2152 741 2234 relinquere.
778 2150 921 2213 Rhodum
937 2151 1009 2214 uolo
1019 2174 1191 2235 puerorum
1214 2174 1318 2231 emam,
1335 2151 1409 2215 r'ude
1425 2161 1522 2236 qua'm

311 2271 454 2354 priorum
476 2269 623 2347 Athenas,
647 2269 707 2330 etsi
732 2269 843 2330 etesiae
868 2266 958 2329 ualde
987 2266 1105 2352 reflant.
1150 2264 1281 2330 Eodem
1309 2265 1417 2349 igitur
1444 2266 1522 2332 fere

317 2389 479 2467 tempore,
501 2403 568 2465 ‘quo
591 2379 703 2467 epad
724 2380 804 2446 fam.
821 2381 921 2465 1117,
945 2403 996 2466 ep.
1020 2380 1063 2446 ἃᾶ
1081 2380 1153 2446 Att.
1170 2375 1255 2445 VI?
1277 2381 1416 2447 videtur
1438 2382 1521 2449 data
1595 2399 1596 2436 ὲ

319 2521 407 2581 esse;
431 2505 483 2563 est
504 2497 597 2562 enim
618 2497 773 2583 proxima
794 2506 872 2584 post
893 2520 944 2583 ep.
961 2497 1011 2563 VI
1033 2498 1054 2562 ὃ
1076 2498 1118 2564 cf.
1134 2498 1219 2562 Vir
1242 2503 1291 2564 bis
1313 2501 1357 2564 ad
1377 2515 1404 2564 te
1426 2518 1520 2567 autea
1595 2525 1596 2552 ¹

318 2621 439 2704 scripsi
458 2618 494 2682 de
517 2642 550 2680 re
572 2641 640 2682 mea
652 2616 838 2702 familiari,
867 2617 900 2680 ¹si
923 2618 1011 2682 modo
1039 2620 1103 2682 tibi
1128 2615 1270 2682 redditae
1296 2633 1374 2700 suut,
1399 2619 1521 2685 Graece

320 2735 355 2798 ἐν
388 2737 547 2817 αἰνιγμοῖς
580 2733 711 2798 scilicet
743 2733 781 2797 in
813 2755 863 2818 ep.
888 2731 939 2795 VI
965 2733 986 2796 4
1013 2739 1047 2797 et
1068 2733 1120 2797 VI
1143 2733 1172 2797 5.
1216 2732 1416 2798 Ciceronem
1450 2735 1520 2800 iam

321 2851 520 2934 cognovisse
555 2849 820 2936 supplicationes
848 2850 915 2916 sibi
941 2849 1094 2914 decretas
1122 2871 1196 2913 esse
1227 2849 1311 2913 haec
1343 2848 1522 2916 declarant
1595 2863 1596 2916 ἶ

232 3043 234 3050 Ι
320 2968 370 3032 VI
394 2968 420 3051 7,
443 2968 463 3031 2
490 2969 541 3032 bis
570 2970 818 3055 urapistratibus,
852 2977 980 3052 quorum
1012 2971 1193 3032 uoluntatem
1221 2971 1256 3031 iu
1288 2971 1521 3055 supplicatione
1595 3039 1596 3072 ,

319 3112 385 3150 sum
409 3100 562 3172 oupertus.
597 3083 710 3159 Quare
731 3089 806 3146 tum
820 3081 964 3148 fortasse
979 3081 1079 3146 datae
1095 3088 1175 3145 sunt
1191 3104 1242 3167 ep.
1259 3081 1302 3146 ad
1317 3082 1397 3147 fam.
1413 3083 1485 3149 XV
1500 3085 1521 3148 6
1595 3089 1596 3092 ’

321 3207 355 3265 et
377 3202 425 3284 11,
449 3199 570 3284 quibus
597 3198 721 3263 litteris
750 3198 881 3282 gratiae
914 3204 1062 3283 aguntur
1084 3197 1245 3264 Marcello
1278 3205 1379 3282 atque
1413 3200 1520 3284 etiam
1595 3283 1596 3290 ,

321 3317 443 3381 Catoni
465 3338 535 3381 non
558 3315 757 3380 decernenti
779 3314 1054 3400 supplicationes.

420 3433 614 3518 Epistulam
635 3431 679 3498 ad
695 3432 849 3519 Appium
863 3431 918 3495 ΙΠ
934 3432 982 3515 13,
999 3453 1065 3516 qua
1079 3432 1193 3518 Appio
1208 3433 1341 3516 gratiae
1361 3440 1519 3518 aguntur,
1595 3449 1596 3472 l

322 3549 411 3634 quod
427 3571 564 3636 operam
575 3549 725 3634 navarit,
740 3555 778 3614 ut
790 3547 947 3614 Ciceroni
962 3548 1228 3634 supplicationes
1244 3547 1520 3635 decernerentur,
1595 3565 1596 3570 ’

322 3688 399 3731 cum
421 3665 594 3732 Gruberus
613 3666 635 3735 1.
658 3688 683 3730 s.
707 3689 732 3730 s.
754 3687 786 3750 p.
803 3665 845 3729 14
865 3671 942 3750 post
963 3665 1018 3728 ΠΙ
1041 3666 1080 3729 12
1103 3665 1217 3731 datam
1240 3687 1313 3730 esse
1336 3665 1520 3751 existimat,
1595 3663 1596 3728 j

270 3761 271 3765 Ἰ
323 3782 413 3867 quod
440 3779 482 3848 de
505 3781 703 3848 Dolabellae
733 3781 912 3847 adfinitate
934 3782 989 3846 ΠΙ
1011 3782 1051 3846 12
1084 3788 1124 3846 ut
1149 3781 1190 3847 de
1223 3805 1260 3846 re
1281 3803 1378 3865 nova,
1394 3782 1457 3861 1ΠΙ
1480 3784 1520 3848 13

321 3906 360 3965 ut
381 3900 423 3965 de
445 3922 483 3964 re
504 3906 586 3990 nota
607 3906 737 3983 agatur,
759 3905 833 3963 tum
859 3898 1007 3964 editores
1035 3898 1173 3964 eredere
1195 3897 1367 3964 videntur.
1400 3899 1456 3963 ΠΙ
1479 3901 1520 3963 12

321 4040 350 4082 a.
374 4016 406 4083 d.
429 4017 484 4080 ΙΙΙ
509 4037 588 4081 non.
617 4015 708 4080 Sext.
736 4014 816 4080 data
843 4022 895 4080 est
921 4014 965 4081 cf.
988 4019 1007 4097 ξ
1028 4016 1058 4080 4.
1102 4015 1152 4103 At
1181 4014 1340 4100 quoniam
1368 4014 1521 4082 vidimus

323 4133 584 4218 magistratuum
619 4132 832 4196 voluntatem
866 4131 904 4196 in
947 4131 1251 4218 supplicationibus
1295 4130 1522 4198 decernendis

324 4249 523 4316 Ciceronem
551 4271 667 4314 mense
690 4247 859 4325 Quinctili
883 4248 1092 4334 cognovisse,
1113 4247 1312 4334 persuaderi
1338 4247 1424 4312 mihi
1450 4271 1521 4314 non

323 4374 436 4453 potest
472 4367 671 4433 Ciceronem
707 4387 823 4432 mense
857 4365 1117 4450 Sextilianum
1150 4365 1356 4430 sententiam
1385 4365 1520 4452 Appius

324 4484 476 4568 dixisset,
519 4463 672 4550 nondum
715 4481 930 4570 comperisse.
987 4481 1044 4545 An
1086 4481 1372 4565 significationem
1413 4481 1521 4548 ullam
