<?xml version="1.0" encoding="UTF-8"?>
<!DOCTYPE html PUBLIC "-//W3C//DTD XHTML 1.0 Transitional//EN"
    "http://www.w3.org/TR/xhtml1/DTD/xhtml1-transitional.dtd">
<html xmlns="http://www.w3.org/1999/xhtml" xml:lang="en" lang="en">
 <head>
  <title>
</title>
<meta http-equiv="Content-Type" content="text/html;charset=utf-8" />
  <meta name='ocr-system' content='tesseract 3.04.00' />
  <meta name='ocr-capabilities' content='ocr_page ocr_carea ocr_par ocr_line ocrx_word'/>
</head>
<body>
  <div class='ocr_page' id='page_1' title='image "./detemporibusepi00mollgoog_0062.png"; bbox 0 0 3262 4926; ppageno 0'>
   <div class='ocr_carea' id='block_1_1' title="bbox 721 205 762 268">
    <p class='ocr_par' dir='ltr' id='par_1_1' title="bbox 721 205 762 268">
     <span class='ocr_line' id='line_1_1' title="bbox 721 205 762 268; baseline 0 0"><span class='ocrx_word' id='word_1_1' title='bbox 721 205 762 268; x_wconf 84' lang='lat'><strong>53</strong></span> 
     </span>
    </p>
   </div>
   <div class='ocr_carea' id='block_1_2' title="bbox 139 385 1345 2462">
    <p class='ocr_par' dir='ltr' id='par_1_2' title="bbox 139 385 1345 2462">
     <span class='ocr_line' id='line_1_2' title="bbox 139 385 1343 474; baseline -0.004 -19"><span class='ocrx_word' id='word_1_2' title='bbox 139 397 206 473; x_wconf 86' lang='lat' dir='ltr'><strong>est;</strong></span> <span class='ocrx_word' id='word_1_3' title='bbox 223 388 354 454; x_wconf 80' lang='lat' dir='ltr'><strong>ibidem</strong></span> <span class='ocrx_word' id='word_1_4' title='bbox 370 387 412 453; x_wconf 92' lang='lat' dir='ltr'><strong>de</strong></span> <span class='ocrx_word' id='word_1_5' title='bbox 428 387 540 453; x_wconf 85' lang='lat' dir='ltr'><strong>Attici</strong></span> <span class='ocrx_word' id='word_1_6' title='bbox 555 410 606 474; x_wconf 91' lang='lat' dir='ltr'><strong>ep.</strong></span> <span class='ocrx_word' id='word_1_7' title='bbox 623 409 652 452; x_wconf 88' lang='lat' dir='ltr'><strong>a.</strong></span> <span class='ocrx_word' id='word_1_8' title='bbox 665 387 696 452; x_wconf 91' lang='lat' dir='ltr'><strong>d.</strong></span> <span class='ocrx_word' id='word_1_9' title='bbox 709 387 765 452; x_wconf 89' lang='grc' dir='ltr'><strong>ΠΙ</strong></span> <span class='ocrx_word' id='word_1_10' title='bbox 775 409 855 453; x_wconf 90' lang='lat' dir='ltr'><strong>non.</strong></span> <span class='ocrx_word' id='word_1_11' title='bbox 868 387 959 452; x_wconf 83' lang='lat' dir='ltr'><strong>Sext.</strong></span> <span class='ocrx_word' id='word_1_12' title='bbox 973 387 1053 452; x_wconf 87' lang='lat' dir='ltr'><strong>date</strong></span> <span class='ocrx_word' id='word_1_13' title='bbox 1067 393 1168 472; x_wconf 88' lang='lat' dir='ltr'><strong>atque</strong></span> <span class='ocrx_word' id='word_1_14' title='bbox 1180 386 1223 451; x_wconf 92' lang='lat' dir='ltr'><strong>de</strong></span> <span class='ocrx_word' id='word_1_15' title='bbox 1235 385 1343 472; x_wconf 81' lang='lat' dir='ltr'><strong>Appii</strong></span> 
     </span>
     <span class='ocr_line' id='line_1_3' title="bbox 140 485 1341 591; baseline -0.002 -20"><span class='ocrx_word' id='word_1_16' title='bbox 140 507 276 590; x_wconf 75' lang='lat' dir='ltr'><strong>litteriS,</strong></span> <span class='ocrx_word' id='word_1_17' title='bbox 289 505 333 570; x_wconf 91' lang='lat' dir='ltr'><strong>ad</strong></span> <span class='ocrx_word' id='word_1_18' title='bbox 345 528 427 590; x_wconf 92' lang='lat' dir='ltr'><strong>quas</strong></span> <span class='ocrx_word' id='word_1_19' title='bbox 440 485 559 570; x_wconf 91' lang='lat' dir='ltr'><strong>Cicero</strong></span> <span class='ocrx_word' id='word_1_20' title='bbox 571 527 599 570; x_wconf 91' lang='lat' dir='ltr'><strong>a.</strong></span> <span class='ocrx_word' id='word_1_21' title='bbox 612 505 644 570; x_wconf 92' lang='lat' dir='ltr'><strong>d.</strong></span> <span class='ocrx_word' id='word_1_22' title='bbox 656 505 745 571; x_wconf 85' lang='lat' dir='ltr'>VIII</span> <span class='ocrx_word' id='word_1_23' title='bbox 756 505 802 570; x_wconf 90' lang='lat' dir='ltr'><strong>id.</strong></span> <span class='ocrx_word' id='word_1_24' title='bbox 815 504 887 570; x_wconf 91' lang='lat' dir='ltr'><strong>Oct.</strong></span> <span class='ocrx_word' id='word_1_25' title='bbox 903 504 1096 591; x_wconf 73' lang='lat' dir='ltr'><strong>respondet,</strong></span> <span class='ocrx_word' id='word_1_26' title='bbox 1109 504 1341 570; x_wconf 88' lang='lat' dir='ltr'><strong>disseruimus.</strong></span> 
     </span>
     <span class='ocr_line' id='line_1_4' title="bbox 142 620 1342 709; baseline -0.002 -21"><span class='ocrx_word' id='word_1_27' title='bbox 142 623 230 689; x_wconf 89' lang='lat' dir='ltr'><strong>VIH</strong></span> <span class='ocrx_word' id='word_1_28' title='bbox 252 623 272 687; x_wconf 90' lang='grc'>9</span> <span class='ocrx_word' id='word_1_29' title='bbox 301 644 330 688; x_wconf 87' lang='grc'><strong>1.</strong></span> <span class='ocrx_word' id='word_1_30' title='bbox 358 621 390 687; x_wconf 92' lang='lat' dir='ltr'><strong>d.</strong></span> <span class='ocrx_word' id='word_1_31' title='bbox 413 621 465 687; x_wconf 96' lang='lat' dir='ltr'><strong>IV</strong></span> <span class='ocrx_word' id='word_1_32' title='bbox 486 643 564 687; x_wconf 93' lang='lat' dir='ltr'><strong>non.</strong></span> <span class='ocrx_word' id='word_1_33' title='bbox 589 621 681 709; x_wconf 82' lang='lat' dir='ltr'><strong>Sept.</strong></span> <span class='ocrx_word' id='word_1_34' title='bbox 696 644 728 688; x_wconf 88' lang='lat' dir='ltr'><strong>v.</strong></span> <span class='ocrx_word' id='word_1_35' title='bbox 745 623 809 703; x_wconf 74' lang='lat'><strong>§2</strong></span> <span class='ocrx_word' id='word_1_36' title='bbox 836 621 924 686; x_wconf 91' lang='lat' dir='ltr'>VIII</span> <span class='ocrx_word' id='word_1_37' title='bbox 945 621 967 685; x_wconf 88' lang='lat'>8</span> <span class='ocrx_word' id='word_1_38' title='bbox 987 627 1065 707; x_wconf 87' lang='lat' dir='ltr'><strong>post</strong></span> <span class='ocrx_word' id='word_1_39' title='bbox 1086 620 1197 707; x_wconf 85' lang='lat' dir='ltr'><strong>pridie</strong></span> <span class='ocrx_word' id='word_1_40' title='bbox 1219 621 1251 686; x_wconf 78' lang='lat' dir='ltr'><strong>k.</strong></span> <span class='ocrx_word' id='word_1_41' title='bbox 1269 621 1342 686; x_wconf 91' lang='lat' dir='ltr'><strong>Oct.</strong></span> 
     </span>
     <span class='ocr_line' id='line_1_5' title="bbox 141 737 1342 825; baseline -0.001 -21"><span class='ocrx_word' id='word_1_42' title='bbox 141 763 173 805; x_wconf 90' lang='lat' dir='ltr'><strong>v.</strong></span> <span class='ocrx_word' id='word_1_43' title='bbox 196 743 216 821; x_wconf 64' lang='grc' dir='ltr'><strong>ἓ</strong></span> <span class='ocrx_word' id='word_1_44' title='bbox 238 739 268 804; x_wconf 83' lang='lat'><strong>5.</strong></span> <span class='ocrx_word' id='word_1_45' title='bbox 309 739 385 803; x_wconf 92' lang='lat' dir='ltr'><strong>Hac</strong></span> <span class='ocrx_word' id='word_1_46' title='bbox 407 737 553 824; x_wconf 74' lang='lat' dir='ltr'><strong>epistula</strong></span> <span class='ocrx_word' id='word_1_47' title='bbox 579 739 728 825; x_wconf 90' lang='lat' dir='ltr'><strong>primum</strong></span> <span class='ocrx_word' id='word_1_48' title='bbox 754 737 916 822; x_wconf 84' lang='lat' dir='ltr'><strong>refertur,</strong></span> <span class='ocrx_word' id='word_1_49' title='bbox 945 744 1023 824; x_wconf 90' lang='lat' dir='ltr'><strong>post</strong></span> <span class='ocrx_word' id='word_1_50' title='bbox 1049 737 1147 802; x_wconf 90' lang='lat' dir='ltr'><strong>ludos</strong></span> <span class='ocrx_word' id='word_1_51' title='bbox 1169 737 1342 803; x_wconf 82' lang='lat' dir='ltr'><strong>Romanos</strong></span> 
     </span>
     <span class='ocr_line' id='line_1_6' title="bbox 143 855 1344 942; baseline -0.002 -20"><span class='ocrx_word' id='word_1_52' title='bbox 143 855 383 942; x_wconf 85' lang='lat' dir='ltr'><strong>Sempronium</strong></span> <span class='ocrx_word' id='word_1_53' title='bbox 404 855 536 920; x_wconf 86' lang='lat' dir='ltr'><strong>Rufum</strong></span> <span class='ocrx_word' id='word_1_54' title='bbox 566 855 771 921; x_wconf 90' lang='lat' dir='ltr'><strong>calumniam</strong></span> <span class='ocrx_word' id='word_1_55' title='bbox 803 855 933 940; x_wconf 91' lang='lat' dir='ltr'><strong>tulisse,</strong></span> <span class='ocrx_word' id='word_1_56' title='bbox 968 855 1093 920; x_wconf 89' lang='lat' dir='ltr'><strong>deinde</strong></span> <span class='ocrx_word' id='word_1_57' title='bbox 1124 860 1283 920; x_wconf 89' lang='lat' dir='ltr'><strong>narratur</strong></span> <span class='ocrx_word' id='word_1_58' title='bbox 1309 862 1344 920; x_wconf 95' lang='lat' dir='ltr'><strong>et</strong></span> 
     </span>
     <span class='ocr_line' id='line_1_7' title="bbox 143 971 1344 1057; baseline 0 -20"><span class='ocrx_word' id='word_1_59' title='bbox 143 997 172 1038; x_wconf 91' lang='grc'><strong>1.</strong></span> <span class='ocrx_word' id='word_1_60' title='bbox 190 973 228 1050; x_wconf 74' lang='lat' dir='ltr'><strong>Q.</strong></span> <span class='ocrx_word' id='word_1_61' title='bbox 244 973 344 1056; x_wconf 88' lang='lat' dir='ltr'><strong>Pilio,</strong></span> <span class='ocrx_word' id='word_1_62' title='bbox 360 971 471 1037; x_wconf 88' lang='lat' dir='ltr'><strong>Attici</strong></span> <span class='ocrx_word' id='word_1_63' title='bbox 492 973 693 1055; x_wconf 89' lang='lat' dir='ltr'><strong>necessario,</strong></span> <span class='ocrx_word' id='word_1_64' title='bbox 711 971 904 1056; x_wconf 85' lang='lat' dir='ltr'><strong>Servilium,</strong></span> <span class='ocrx_word' id='word_1_65' title='bbox 929 977 963 1037; x_wconf 94' lang='lat' dir='ltr'><strong>et</strong></span> <span class='ocrx_word' id='word_1_66' title='bbox 983 994 1002 1037; x_wconf 91' lang='lat' dir='ltr'><strong>a</strong></span> <span class='ocrx_word' id='word_1_67' title='bbox 1018 971 1174 1037; x_wconf 80' lang='lat' dir='ltr'><strong>Serviliis</strong></span> <span class='ocrx_word' id='word_1_68' title='bbox 1190 971 1344 1057; x_wconf 91' lang='lat' dir='ltr'><strong>Appium</strong></span> 
     </span>
     <span class='ocr_line' id='line_1_8' title="bbox 144 1087 1344 1175; baseline -0.002 -20"><span class='ocrx_word' id='word_1_69' title='bbox 144 1091 186 1155; x_wconf 91' lang='lat' dir='ltr'><strong>de</strong></span> <span class='ocrx_word' id='word_1_70' title='bbox 222 1087 422 1175; x_wconf 82' lang='lat' dir='ltr'><strong>repetundis</strong></span> <span class='ocrx_word' id='word_1_71' title='bbox 454 1089 666 1174; x_wconf 87' lang='lat' dir='ltr'><strong>postulatum</strong></span> <span class='ocrx_word' id='word_1_72' title='bbox 701 1111 783 1154; x_wconf 86' lang='lat' dir='ltr'><strong>esse.</strong></span> <span class='ocrx_word' id='word_1_73' title='bbox 832 1089 926 1172; x_wconf 85' lang='lat' dir='ltr'><strong>Lege</strong></span> <span class='ocrx_word' id='word_1_74' title='bbox 960 1095 1074 1154; x_wconf 91' lang='lat' dir='ltr'><strong>autem</strong></span> <span class='ocrx_word' id='word_1_75' title='bbox 1107 1089 1254 1154; x_wconf 80' lang='lat' dir='ltr'><strong>Servilia</strong></span> <span class='ocrx_word' id='word_1_76' title='bbox 1286 1089 1344 1154; x_wconf 90' lang='lat' dir='ltr'><strong>vel</strong></span> 
     </span>
     <span class='ocr_line' id='line_1_9' title="bbox 142 1205 1344 1293; baseline -0.002 -22"><span class='ocrx_word' id='word_1_77' title='bbox 142 1207 256 1293; x_wconf 90' lang='lat' dir='ltr'><strong>potius</strong></span> <span class='ocrx_word' id='word_1_78' title='bbox 279 1205 401 1289; x_wconf 85' lang='lat' dir='ltr'><strong>Acilia,</strong></span> <span class='ocrx_word' id='word_1_79' title='bbox 428 1205 523 1269; x_wconf 88' lang='lat' dir='ltr'><strong>ouius</strong></span> <span class='ocrx_word' id='word_1_80' title='bbox 547 1211 683 1270; x_wconf 87' lang='lat' dir='ltr'><strong>exstant</strong></span> <span class='ocrx_word' id='word_1_81' title='bbox 709 1205 911 1290; x_wconf 82' lang='lat' dir='ltr'><strong>fragmenta,</strong></span> <span class='ocrx_word' id='word_1_82' title='bbox 946 1207 1171 1271; x_wconf 89' lang='lat' dir='ltr'><strong>constitutum</strong></span> <span class='ocrx_word' id='word_1_83' title='bbox 1199 1211 1281 1290; x_wconf 88' lang='lat' dir='ltr'><strong>erat,</strong></span> <span class='ocrx_word' id='word_1_84' title='bbox 1305 1213 1344 1270; x_wconf 91' lang='lat' dir='ltr'><strong>ut</strong></span> 
     </span>
     <span class='ocr_line' id='line_1_10' title="bbox 141 1320 1345 1410; baseline 0 -22"><span class='ocrx_word' id='word_1_85' title='bbox 141 1323 390 1410; x_wconf 74' lang='lat' dir='ltr'><strong>postulationes</strong></span> <span class='ocrx_word' id='word_1_86' title='bbox 416 1320 459 1386; x_wconf 87' lang='lat' dir='ltr'><strong>de</strong></span> <span class='ocrx_word' id='word_1_87' title='bbox 484 1322 684 1407; x_wconf 86' lang='lat' dir='ltr'><strong>repetundis</strong></span> <span class='ocrx_word' id='word_1_88' title='bbox 706 1328 786 1387; x_wconf 91' lang='lat' dir='ltr'><strong>ante</strong></span> <span class='ocrx_word' id='word_1_89' title='bbox 808 1322 840 1388; x_wconf 77' lang='lat' dir='ltr'><strong>k.</strong></span> <span class='ocrx_word' id='word_1_90' title='bbox 865 1323 956 1409; x_wconf 82' lang='lat' dir='ltr'><strong>Sept.</strong></span> <span class='ocrx_word' id='word_1_91' title='bbox 980 1323 1115 1406; x_wconf 88' lang='lat' dir='ltr'><strong>fierent;</strong></span> <span class='ocrx_word' id='word_1_92' title='bbox 1139 1323 1200 1388; x_wconf 88' lang='lat' dir='ltr'><strong>sed</strong></span> <span class='ocrx_word' id='word_1_93' title='bbox 1227 1329 1345 1388; x_wconf 88' lang='lat' dir='ltr'><strong>tamen</strong></span> 
     </span>
     <span class='ocr_line' id='line_1_11' title="bbox 142 1437 1344 1526; baseline 0 -22"><span class='ocrx_word' id='word_1_94' title='bbox 142 1439 276 1504; x_wconf 87' lang='lat' dir='ltr'><strong>civibus</strong></span> <span class='ocrx_word' id='word_1_95' title='bbox 298 1437 474 1521; x_wconf 85' lang='lat' dir='ltr'><strong>Romanis,</strong></span> <span class='ocrx_word' id='word_1_96' title='bbox 500 1437 596 1502; x_wconf 86' lang='lat' dir='ltr'><strong>velut</strong></span> <span class='ocrx_word' id='word_1_97' title='bbox 620 1438 720 1504; x_wconf 84' lang='lat' dir='ltr'><strong>Pilio·</strong></span> <span class='ocrx_word' id='word_1_98' title='bbox 736 1445 771 1504; x_wconf 92' lang='lat' dir='ltr'><strong>et</strong></span> <span class='ocrx_word' id='word_1_99' title='bbox 793 1439 949 1504; x_wconf 81' lang='lat' dir='ltr'><strong>Serviliis</strong></span> <span class='ocrx_word' id='word_1_100' title='bbox 975 1439 1039 1504; x_wconf 91' lang='lat' dir='ltr'><strong>hac</strong></span> <span class='ocrx_word' id='word_1_101' title='bbox 1065 1440 1139 1526; x_wconf 91' lang='lat' dir='ltr'><strong>ipsa</strong></span> <span class='ocrx_word' id='word_1_102' title='bbox 1166 1440 1243 1523; x_wconf 84' lang='lat' dir='ltr'><strong>lege</strong></span> <span class='ocrx_word' id='word_1_103' title='bbox 1269 1447 1344 1504; x_wconf 90' lang='lat' dir='ltr'><strong>tum</strong></span> 
     </span>
     <span class='ocr_line' id='line_1_12' title="bbox 143 1554 1281 1642; baseline 0.001 -22"><span class='ocrx_word' id='word_1_104' title='bbox 143 1555 286 1620; x_wconf 83' lang='lat' dir='ltr'><strong>fortasse</strong></span> <span class='ocrx_word' id='word_1_105' title='bbox 308 1556 378 1620; x_wconf 90' lang='lat' dir='ltr'><strong>iam</strong></span> <span class='ocrx_word' id='word_1_106' title='bbox 400 1554 527 1620; x_wconf 91' lang='lat' dir='ltr'><strong>abolita</strong></span> <span class='ocrx_word' id='word_1_107' title='bbox 550 1556 655 1620; x_wconf 89' lang='lat' dir='ltr'><strong>etiam</strong></span> <span class='ocrx_word' id='word_1_108' title='bbox 676 1563 754 1642; x_wconf 92' lang='lat' dir='ltr'><strong>post</strong></span> <span class='ocrx_word' id='word_1_109' title='bbox 774 1556 807 1622; x_wconf 82' lang='lat' dir='ltr'><strong>k.</strong></span> <span class='ocrx_word' id='word_1_110' title='bbox 831 1556 923 1642; x_wconf 78' lang='lat' dir='ltr'><strong>Sept.</strong></span> <span class='ocrx_word' id='word_1_111' title='bbox 946 1557 1119 1642; x_wconf 90' lang='lat' dir='ltr'><strong>postulare</strong></span> <span class='ocrx_word' id='word_1_112' title='bbox 1141 1557 1281 1638; x_wconf 88' lang='lat' dir='ltr'><strong>licuit¹).</strong></span> 
     </span>
     <span class='ocr_line' id='line_1_13' title="bbox 242 1672 1343 1759; baseline 0.001 -22"><span class='ocrx_word' id='word_1_113' title='bbox 242 1674 294 1738; x_wconf 95' lang='lat' dir='ltr'><strong>De</strong></span> <span class='ocrx_word' id='word_1_114' title='bbox 317 1672 427 1737; x_wconf 87' lang='lat' dir='ltr'><strong>Attici</strong></span> <span class='ocrx_word' id='word_1_115' title='bbox 452 1673 578 1738; x_wconf 88' lang='lat' dir='ltr'><strong>litteris</strong></span> <span class='ocrx_word' id='word_1_116' title='bbox 605 1680 683 1759; x_wconf 91' lang='lat' dir='ltr'><strong>post</strong></span> <span class='ocrx_word' id='word_1_117' title='bbox 703 1674 740 1738; x_wconf 93' lang='lat' dir='ltr'><strong>X</strong></span> <span class='ocrx_word' id='word_1_118' title='bbox 765 1673 797 1738; x_wconf 77' lang='lat' dir='ltr'><strong>k.</strong></span> <span class='ocrx_word' id='word_1_119' title='bbox 821 1673 893 1738; x_wconf 90' lang='lat' dir='ltr'><strong>Oct.</strong></span> <span class='ocrx_word' id='word_1_120' title='bbox 923 1674 1020 1758; x_wconf 91' lang='lat' dir='ltr'><strong>datis,</strong></span> <span class='ocrx_word' id='word_1_121' title='bbox 1047 1673 1092 1738; x_wconf 90' lang='lat' dir='ltr'><strong>ad</strong></span> <span class='ocrx_word' id='word_1_122' title='bbox 1119 1696 1201 1759; x_wconf 92' lang='lat' dir='ltr'><strong>quas</strong></span> <span class='ocrx_word' id='word_1_123' title='bbox 1224 1673 1343 1740; x_wconf 88' lang='lat' dir='ltr'><strong>Cicero</strong></span> 
     </span>
     <span class='ocr_line' id='line_1_14' title="bbox 143 1789 1344 1877; baseline 0.001 -22"><span class='ocrx_word' id='word_1_124' title='bbox 143 1790 186 1855; x_wconf 91' lang='lat' dir='ltr'><strong>ad</strong></span> <span class='ocrx_word' id='word_1_125' title='bbox 212 1790 457 1854; x_wconf 84' lang='lat' dir='ltr'><strong>Pindenissum</strong></span> <span class='ocrx_word' id='word_1_126' title='bbox 483 1789 683 1877; x_wconf 82' lang='lat' dir='ltr'><strong>respondet,</strong></span> <span class='ocrx_word' id='word_1_127' title='bbox 711 1813 813 1877; x_wconf 88' lang='lat' dir='ltr'><strong>supra</strong></span> <span class='ocrx_word' id='word_1_128' title='bbox 843 1791 1001 1857; x_wconf 84' lang='lat' dir='ltr'><strong>diximus.</strong></span> <span class='ocrx_word' id='word_1_129' title='bbox 1045 1793 1202 1857; x_wconf 84' lang='lat' dir='ltr'><strong>Exeunte</strong></span> <span class='ocrx_word' id='word_1_130' title='bbox 1230 1814 1258 1856; x_wconf 92' lang='lat' dir='ltr'><strong>a.</strong></span> <span class='ocrx_word' id='word_1_131' title='bbox 1283 1793 1344 1856; x_wconf 98' lang='grc'><strong>703</strong></span> 
     </span>
     <span class='ocr_line' id='line_1_15' title="bbox 142 1906 1344 1995; baseline 0 -23"><span class='ocrx_word' id='word_1_132' title='bbox 142 1906 280 1972; x_wconf 86' lang='lat' dir='ltr'><strong>Atticus</strong></span> <span class='ocrx_word' id='word_1_133' title='bbox 313 1907 351 1971; x_wconf 93' lang='lat' dir='ltr'><strong>in</strong></span> <span class='ocrx_word' id='word_1_134' title='bbox 372 1907 517 1994; x_wconf 81' lang='lat' dir='ltr'><strong>Epirum</strong></span> <span class='ocrx_word' id='word_1_135' title='bbox 549 1907 722 1994; x_wconf 82' lang='lat' dir='ltr'><strong>profectus</strong></span> <span class='ocrx_word' id='word_1_136' title='bbox 757 1915 816 1992; x_wconf 89' lang='lat' dir='ltr'><strong>est,</strong></span> <span class='ocrx_word' id='word_1_137' title='bbox 850 1908 942 1973; x_wconf 93' lang='lat' dir='ltr'><strong>unde</strong></span> <span class='ocrx_word' id='word_1_138' title='bbox 974 1909 1087 1995; x_wconf 89' lang='lat' dir='ltr'><strong>pridie</strong></span> <span class='ocrx_word' id='word_1_139' title='bbox 1112 1909 1146 1974; x_wconf 81' lang='lat' dir='ltr'><strong>k.</strong></span> <span class='ocrx_word' id='word_1_140' title='bbox 1168 1909 1246 1974; x_wconf 85' lang='lat' dir='ltr'><strong>Jan.</strong></span> <span class='ocrx_word' id='word_1_141' title='bbox 1275 1909 1344 1973; x_wconf 90' lang='lat' dir='ltr'><strong>iam</strong></span> 
     </span>
     <span class='ocr_line' id='line_1_16' title="bbox 142 2014 1345 2110; baseline 0 -21"><span class='ocrx_word' id='word_1_142' title='bbox 142 2024 265 2089; x_wconf 87' lang='lat' dir='ltr'><strong>tertias</strong></span> <span class='ocrx_word' id='word_1_143' title='bbox 281 2024 324 2088; x_wconf 91' lang='lat' dir='ltr'><strong>ad</strong></span> <span class='ocrx_word' id='word_1_144' title='bbox 338 2024 539 2089; x_wconf 77' lang='lat' dir='ltr'><strong>Ciceronem</strong></span> <span class='ocrx_word' id='word_1_145' title='bbox 560 2025 693 2090; x_wconf 83' lang='lat' dir='ltr'><strong>litteras</strong></span> <span class='ocrx_word' id='word_1_146' title='bbox 709 2025 805 2090; x_wconf 88' lang='lat' dir='ltr'><strong>dedit</strong></span> <span class='ocrx_word' id='word_1_147' title='bbox 829 2025 886 2108; x_wconf 82' lang='lat' dir='ltr'><strong>(cf.</strong></span> <span class='ocrx_word' id='word_1_148' title='bbox 903 2026 947 2090; x_wconf 89' lang='lat' dir='ltr'><strong>ad</strong></span> <span class='ocrx_word' id='word_1_149' title='bbox 961 2026 1034 2091; x_wconf 87' lang='lat' dir='ltr'><strong>Att.</strong></span> <span class='ocrx_word' id='word_1_150' title='bbox 1046 2027 1080 2092; x_wconf 88' lang='lat' dir='ltr'>V</span> <span class='ocrx_word' id='word_1_151' title='bbox 1090 2028 1139 2110; x_wconf 88' lang='lat'><strong>21,</strong></span> <span class='ocrx_word' id='word_1_152' title='bbox 1153 2027 1170 2091; x_wconf 89' lang='lat'>1</span> <span class='ocrx_word' id='word_1_153' title='bbox 1193 2027 1245 2092; x_wconf 92' lang='lat' dir='ltr'><strong>VI</strong></span> <span class='ocrx_word' id='word_1_154' title='bbox 1261 2027 1287 2110; x_wconf 83' lang='lat'><strong>1,</strong></span> <span class='ocrx_word' id='word_1_155' title='bbox 1299 2014 1345 2090; x_wconf 88' lang='lat'><strong>23</strong></span> 
     </span>
     <span class='ocr_line' id='line_1_17' title="bbox 143 2141 1344 2228; baseline 0.002 -22"><span class='ocrx_word' id='word_1_156' title='bbox 143 2141 196 2206; x_wconf 90' lang='lat' dir='ltr'><strong>VI</strong></span> <span class='ocrx_word' id='word_1_157' title='bbox 219 2142 246 2225; x_wconf 88' lang='lat'><strong>1,</strong></span> <span class='ocrx_word' id='word_1_158' title='bbox 269 2141 333 2222; x_wconf 87' lang='grc'><strong>21).</strong></span> <span class='ocrx_word' id='word_1_159' title='bbox 375 2141 466 2205; x_wconf 87' lang='grc' dir='ltr'><strong>Ρ1111</strong></span> <span class='ocrx_word' id='word_1_160' title='bbox 498 2147 533 2206; x_wconf 88' lang='lat' dir='ltr'><strong>et</strong></span> <span class='ocrx_word' id='word_1_161' title='bbox 564 2141 649 2225; x_wconf 86' lang='lat' dir='ltr'><strong>filia,</strong></span> <span class='ocrx_word' id='word_1_162' title='bbox 684 2164 769 2226; x_wconf 90' lang='lat' dir='ltr'><strong>quae</strong></span> <span class='ocrx_word' id='word_1_163' title='bbox 801 2143 838 2206; x_wconf 95' lang='lat' dir='ltr'><strong>in</strong></span> <span class='ocrx_word' id='word_1_164' title='bbox 865 2143 967 2208; x_wconf 91' lang='lat' dir='ltr'><strong>Italia</strong></span> <span class='ocrx_word' id='word_1_165' title='bbox 999 2144 1196 2228; x_wconf 90' lang='lat' dir='ltr'><strong>manebant,</strong></span> <span class='ocrx_word' id='word_1_166' title='bbox 1226 2143 1344 2208; x_wconf 87' lang='lat' dir='ltr'><strong>Attico</strong></span> 
     </span>
     <span class='ocr_line' id='line_1_18' title="bbox 143 2257 1342 2348; baseline 0.003 -26"><span class='ocrx_word' id='word_1_167' title='bbox 143 2257 402 2343; x_wconf 78' lang='lat' dir='ltr'><strong>mandaverrmt,</strong></span> <span class='ocrx_word' id='word_1_168' title='bbox 417 2265 457 2323; x_wconf 93' lang='lat' dir='ltr'><strong>ut</strong></span> <span class='ocrx_word' id='word_1_169' title='bbox 471 2258 630 2323; x_wconf 89' lang='lat' dir='ltr'><strong>Ciceroni</strong></span> <span class='ocrx_word' id='word_1_170' title='bbox 644 2259 790 2348; x_wconf 73' lang='lat' dir='ltr'><strong>salutem</strong></span> <span class='ocrx_word' id='word_1_171' title='bbox 807 2259 993 2325; x_wconf 77' lang='lat' dir='ltr'><strong>ascriberet</strong></span> <span class='ocrx_word' id='word_1_172' title='bbox 1008 2260 1065 2342; x_wconf 89' lang='lat' dir='ltr'><strong>(ad</strong></span> <span class='ocrx_word' id='word_1_173' title='bbox 1079 2261 1152 2325; x_wconf 86' lang='lat' dir='ltr'><strong>Att.</strong></span> <span class='ocrx_word' id='word_1_174' title='bbox 1164 2259 1216 2325; x_wconf 89' lang='lat' dir='ltr'><strong>VI</strong></span> <span class='ocrx_word' id='word_1_175' title='bbox 1231 2261 1258 2344; x_wconf 92' lang='grc'><strong>1,</strong></span> <span class='ocrx_word' id='word_1_176' title='bbox 1274 2261 1342 2344; x_wconf 75' lang='grc'><strong>22),</strong></span> 
     </span>
     <span class='ocr_line' id='line_1_19' title="bbox 142 2375 1343 2462; baseline 0 -22"><span class='ocrx_word' id='word_1_177' title='bbox 142 2375 257 2460; x_wconf 88' lang='lat' dir='ltr'><strong>itaque</strong></span> <span class='ocrx_word' id='word_1_178' title='bbox 270 2375 390 2440; x_wconf 90' lang='lat' dir='ltr'><strong>Cicero</strong></span> <span class='ocrx_word' id='word_1_179' title='bbox 410 2376 515 2440; x_wconf 91' lang='lat' dir='ltr'><strong>etiam</strong></span> <span class='ocrx_word' id='word_1_180' title='bbox 525 2375 636 2440; x_wconf 85' lang='lat' dir='ltr'><strong>Piliae</strong></span> <span class='ocrx_word' id='word_1_181' title='bbox 652 2382 687 2441; x_wconf 88' lang='lat' dir='ltr'><strong>et</strong></span> <span class='ocrx_word' id='word_1_182' title='bbox 701 2376 875 2441; x_wconf 83' lang='lat' dir='ltr'><strong>Atticulae</strong></span> <span class='ocrx_word' id='word_1_183' title='bbox 898 2377 1045 2442; x_wconf 89' lang='lat' dir='ltr'><strong>salutem</strong></span> <span class='ocrx_word' id='word_1_184' title='bbox 1064 2377 1150 2442; x_wconf 90' lang='lat' dir='ltr'><strong>dicit</strong></span> <span class='ocrx_word' id='word_1_185' title='bbox 1165 2378 1229 2459; x_wconf 87' lang='lat' dir='ltr'><strong>(VI</strong></span> <span class='ocrx_word' id='word_1_186' title='bbox 1241 2378 1267 2462; x_wconf 93' lang='grc'><strong>1,</strong></span> <span class='ocrx_word' id='word_1_187' title='bbox 1279 2378 1343 2460; x_wconf 89' lang='grc'><strong>22),</strong></span> 
     </span>
    </p>
   </div>
   <div class='ocr_carea' id='block_1_3' title="bbox 140 2491 1344 2925">
    <p class='ocr_par' dir='ltr' id='par_1_3' title="bbox 140 2491 1344 2811">
     <span class='ocr_line' id='line_1_20' title="bbox 141 2491 1343 2579; baseline 0.002 -23"><span class='ocrx_word' id='word_1_188' title='bbox 141 2491 179 2556; x_wconf 92' lang='lat' dir='ltr'><strong>id</strong></span> <span class='ocrx_word' id='word_1_189' title='bbox 201 2491 293 2576; x_wconf 93' lang='lat' dir='ltr'><strong>quod</strong></span> <span class='ocrx_word' id='word_1_190' title='bbox 313 2491 378 2556; x_wconf 88' lang='lat' dir='ltr'><strong>hac</strong></span> <span class='ocrx_word' id='word_1_191' title='bbox 398 2493 548 2578; x_wconf 90' lang='lat' dir='ltr'><strong>primum</strong></span> <span class='ocrx_word' id='word_1_192' title='bbox 571 2491 718 2577; x_wconf 88' lang='lat' dir='ltr'><strong>epistula</strong></span> <span class='ocrx_word' id='word_1_193' title='bbox 739 2492 787 2574; x_wconf 90' lang='lat' dir='ltr'><strong>fit,</strong></span> <span class='ocrx_word' id='word_1_194' title='bbox 810 2491 891 2556; x_wconf 93' lang='lat' dir='ltr'><strong>inde</strong></span> <span class='ocrx_word' id='word_1_195' title='bbox 914 2499 1029 2557; x_wconf 90' lang='lat' dir='ltr'><strong>autem</strong></span> <span class='ocrx_word' id='word_1_196' title='bbox 1055 2493 1163 2558; x_wconf 87' lang='lat' dir='ltr'><strong>abhoc</strong></span> <span class='ocrx_word' id='word_1_197' title='bbox 1190 2499 1343 2579; x_wconf 92' lang='lat' dir='ltr'><strong>tempore</strong></span> 
     </span>
     <span class='ocr_line' id='line_1_21' title="bbox 141 2608 1344 2695; baseline 0 -21"><span class='ocrx_word' id='word_1_198' title='bbox 141 2609 343 2674; x_wconf 88' lang='lat' dir='ltr'><strong>aCicerone</strong></span> <span class='ocrx_word' id='word_1_199' title='bbox 365 2631 435 2674; x_wconf 93' lang='lat' dir='ltr'><strong>non</strong></span> <span class='ocrx_word' id='word_1_200' title='bbox 456 2608 743 2695; x_wconf 86' lang='lat' dir='ltr'><strong>praetermittitur</strong></span> <span class='ocrx_word' id='word_1_201' title='bbox 765 2609 833 2673; x_wconf 87' lang='lat' dir='ltr'><strong>nisi</strong></span> <span class='ocrx_word' id='word_1_202' title='bbox 855 2609 912 2674; x_wconf 87' lang='lat' dir='ltr'><strong>vel</strong></span> <span class='ocrx_word' id='word_1_203' title='bbox 933 2609 1155 2675; x_wconf 87' lang='lat' dir='ltr'><strong>vehementer</strong></span> <span class='ocrx_word' id='word_1_204' title='bbox 1177 2610 1344 2675; x_wconf 89' lang='lat' dir='ltr'><strong>sollicitus</strong></span> 
     </span>
     <span class='ocr_line' id='line_1_22' title="bbox 140 2724 633 2811; baseline -0.002 -20"><span class='ocrx_word' id='word_1_205' title='bbox 140 2726 199 2791; x_wconf 91' lang='lat' dir='ltr'><strong>vel</strong></span> <span class='ocrx_word' id='word_1_206' title='bbox 220 2724 322 2790; x_wconf 86' lang='lat' dir='ltr'><strong>valde</strong></span> <span class='ocrx_word' id='word_1_207' title='bbox 344 2731 529 2811; x_wconf 89' lang='lat' dir='ltr'><strong>occupatus</strong></span> <span class='ocrx_word' id='word_1_208' title='bbox 552 2731 633 2790; x_wconf 90' lang='lat' dir='ltr'><strong>erat.</strong></span> 
     </span>
    </p>

    <p class='ocr_par' dir='ltr' id='par_1_4' title="bbox 244 2843 810 2925">
     <span class='ocr_line' id='line_1_23' title="bbox 244 2843 810 2925; baseline 0.002 -17"><span class='ocrx_word' id='word_1_209' title='bbox 244 2843 333 2908; x_wconf 87' lang='lat' dir='ltr'>VIII</span> <span class='ocrx_word' id='word_1_210' title='bbox 354 2844 396 2908; x_wconf 91' lang='grc'><strong>10</strong></span> <span class='ocrx_word' id='word_1_211' title='bbox 416 2843 504 2907; x_wconf 90' lang='lat' dir='ltr'><strong>XIV</strong></span> <span class='ocrx_word' id='word_1_212' title='bbox 525 2843 558 2907; x_wconf 81' lang='lat' dir='ltr'><strong>k.</strong></span> <span class='ocrx_word' id='word_1_213' title='bbox 581 2843 662 2908; x_wconf 89' lang='lat' dir='ltr'><strong>Dec.</strong></span> <span class='ocrx_word' id='word_1_214' title='bbox 686 2866 718 2908; x_wconf 89' lang='lat' dir='ltr'><strong>v.</strong></span> <span class='ocrx_word' id='word_1_215' title='bbox 740 2847 760 2925; x_wconf 64' lang='grc' dir='ltr'><strong>ξ</strong></span> <span class='ocrx_word' id='word_1_216' title='bbox 781 2844 810 2909; x_wconf 84' lang='grc'><strong>3.</strong></span> 
     </span>
    </p>
   </div>
   <div class='ocr_carea' id='block_1_4' title="bbox 143 2959 1344 3161">
    <p class='ocr_par' dir='ltr' id='par_1_5' title="bbox 143 2959 1344 3161">
     <span class='ocr_line' id='line_1_24' title="bbox 243 2959 1343 3046; baseline 0.002 -22"><span class='ocrx_word' id='word_1_217' title='bbox 243 2959 352 3024; x_wconf 89' lang='lat' dir='ltr'><strong>Nonis</strong></span> <span class='ocrx_word' id='word_1_218' title='bbox 374 2959 622 3024; x_wconf 89' lang='lat' dir='ltr'><strong>Decembribus</strong></span> <span class='ocrx_word' id='word_1_219' title='bbox 656 2967 850 3043; x_wconf 87' lang='lat' dir='ltr'><strong>quaestores</strong></span> <span class='ocrx_word' id='word_1_220' title='bbox 872 2960 1066 3046; x_wconf 81' lang='lat' dir='ltr'><strong>provincias</strong></span> <span class='ocrx_word' id='word_1_221' title='bbox 1103 2961 1343 3026; x_wconf 86' lang='lat' dir='ltr'><strong>sortiebantur.</strong></span> 
     </span>
     <span class='ocr_line' id='line_1_25' title="bbox 143 3072 1344 3161; baseline 0 -19"><span class='ocrx_word' id='word_1_222' title='bbox 143 3077 259 3161; x_wconf 85' lang='lat' dir='ltr'><strong>Atque</strong></span> <span class='ocrx_word' id='word_1_223' title='bbox 291 3099 369 3140; x_wconf 91' lang='lat' dir='ltr'><strong>cum</strong></span> <span class='ocrx_word' id='word_1_224' title='bbox 397 3076 492 3141; x_wconf 78' lang='lat' dir='ltr'><strong>Sulla</strong></span> <span class='ocrx_word' id='word_1_225' title='bbox 524 3077 638 3140; x_wconf 88' lang='grc'><strong>1673</strong></span> <span class='ocrx_word' id='word_1_226' title='bbox 670 3072 885 3160; x_wconf 85' lang='lat' dir='ltr'><strong>instituisset,</strong></span> <span class='ocrx_word' id='word_1_227' title='bbox 918 3082 957 3140; x_wconf 92' lang='lat' dir='ltr'><strong>ut</strong></span> <span class='ocrx_word' id='word_1_228' title='bbox 989 3076 1117 3160; x_wconf 84' lang='lat' dir='ltr'><strong>viginti</strong></span> <span class='ocrx_word' id='word_1_229' title='bbox 1150 3083 1344 3161; x_wconf 85' lang='lat' dir='ltr'><strong>quaestores</strong></span> 
     </span>
    </p>
   </div>
   <div class='ocr_carea' id='block_1_5' title="bbox 142 3192 1351 4214">
    <p class='ocr_par' dir='ltr' id='par_1_6' title="bbox 142 3192 1351 4214">
     <span class='ocr_line' id='line_1_26' title="bbox 143 3192 1351 3279; baseline -0.002 -20"><span class='ocrx_word' id='word_1_230' title='bbox 143 3201 350 3278; x_wconf 88' lang='lat' dir='ltr'><strong>crearentur,</strong></span> <span class='ocrx_word' id='word_1_231' title='bbox 382 3193 481 3259; x_wconf 89' lang='lat' dir='ltr'><strong>nobis</strong></span> <span class='ocrx_word' id='word_1_232' title='bbox 514 3192 749 3279; x_wconf 89' lang='lat' dir='ltr'><strong>septendecim</strong></span> <span class='ocrx_word' id='word_1_233' title='bbox 775 3193 973 3278; x_wconf 79' lang='lat' dir='ltr'><strong>provinciae</strong></span> <span class='ocrx_word' id='word_1_234' title='bbox 1000 3195 1211 3279; x_wconf 88' lang='lat' dir='ltr'><strong>quaestoriae</strong></span> <span class='ocrx_word' id='word_1_235' title='bbox 1243 3201 1351 3259; x_wconf 68' lang='lat' dir='ltr'><strong>notae.</strong></span> 
     </span>
     <span class='ocr_line' id='line_1_27' title="bbox 143 3308 1345 3394; baseline 0.002 -19"><span class='ocrx_word' id='word_1_236' title='bbox 143 3311 275 3392; x_wconf 77' lang='lat' dir='ltr'><strong>sunt2),·</strong></span> <span class='ocrx_word' id='word_1_237' title='bbox 301 3309 426 3394; x_wconf 89' lang='lat' dir='ltr'><strong>reliqui</strong></span> <span class='ocrx_word' id='word_1_238' title='bbox 447 3316 517 3374; x_wconf 88' lang='lat' dir='ltr'><strong>tres</strong></span> <span class='ocrx_word' id='word_1_239' title='bbox 541 3308 623 3392; x_wconf 92' lang='lat' dir='ltr'><strong>quid</strong></span> <span class='ocrx_word' id='word_1_240' title='bbox 646 3309 788 3393; x_wconf 84' lang='lat' dir='ltr'><strong>egerint,</strong></span> <span class='ocrx_word' id='word_1_241' title='bbox 811 3330 881 3373; x_wconf 94' lang='lat' dir='ltr'><strong>non</strong></span> <span class='ocrx_word' id='word_1_242' title='bbox 902 3309 1019 3393; x_wconf 90' lang='lat' dir='ltr'><strong>liquet,</strong></span> <span class='ocrx_word' id='word_1_243' title='bbox 1046 3331 1126 3374; x_wconf 90' lang='lat' dir='ltr'><strong>nam</strong></span> <span class='ocrx_word' id='word_1_244' title='bbox 1149 3318 1345 3394; x_wconf 87' lang='lat' dir='ltr'><strong>quaestores</strong></span> 
     </span>
     <span class='ocr_line' id='line_1_28' title="bbox 144 3425 1345 3513; baseline -0.001 -20"><span class='ocrx_word' id='word_1_245' title='bbox 144 3427 324 3493; x_wconf 86' lang='lat' dir='ltr'><strong>consulum</strong></span> <span class='ocrx_word' id='word_1_246' title='bbox 337 3426 556 3513; x_wconf 88' lang='lat' dir='ltr'><strong>proconsules</strong></span> <span class='ocrx_word' id='word_1_247' title='bbox 571 3425 609 3489; x_wconf 95' lang='lat' dir='ltr'><strong>in</strong></span> <span class='ocrx_word' id='word_1_248' title='bbox 623 3425 816 3511; x_wconf 87' lang='lat' dir='ltr'><strong>provincias</strong></span> <span class='ocrx_word' id='word_1_249' title='bbox 831 3425 1132 3513; x_wconf 87' lang='lat' dir='ltr'><strong>prosequebantur.</strong></span> <span class='ocrx_word' id='word_1_250' title='bbox 1160 3427 1228 3492; x_wconf 79' lang='lat' dir='ltr'><strong>Sed</strong></span> <span class='ocrx_word' id='word_1_251' title='bbox 1243 3451 1271 3493; x_wconf 91' lang='lat' dir='ltr'><strong>a.</strong></span> <span class='ocrx_word' id='word_1_252' title='bbox 1285 3429 1345 3492; x_wconf 89' lang='grc'><strong>703</strong></span> 
     </span>
     <span class='ocr_line' id='line_1_29' title="bbox 143 3543 1347 3629; baseline 0.003 -21"><span class='ocrx_word' id='word_1_253' title='bbox 143 3549 277 3617; x_wconf 87' lang='lat' dir='ltr'><strong>mutato</strong></span> <span class='ocrx_word' id='word_1_254' title='bbox 292 3543 547 3629; x_wconf 88' lang='lat' dir='ltr'><strong>provinciarum</strong></span> <span class='ocrx_word' id='word_1_255' title='bbox 562 3543 681 3608; x_wconf 89' lang='lat' dir='ltr'><strong>ordine</strong></span> <span class='ocrx_word' id='word_1_256' title='bbox 693 3543 850 3608; x_wconf 80' lang='lat' dir='ltr'><strong>Ciceroni</strong></span> <span class='ocrx_word' id='word_1_257' title='bbox 861 3544 1048 3608; x_wconf 88' lang='lat' dir='ltr'><strong>Mescinius</strong></span> <span class='ocrx_word' id='word_1_258' title='bbox 1060 3543 1172 3610; x_wconf 81' lang='lat' dir='ltr'><strong>Rufus</strong></span> <span class='ocrx_word' id='word_1_259' title='bbox 1188 3552 1347 3629; x_wconf 89' lang='lat' dir='ltr'><strong>quaestor</strong></span> 
     </span>
     <span class='ocr_line' id='line_1_30' title="bbox 145 3660 1346 3748; baseline 0.002 -22"><span class='ocrx_word' id='word_1_260' title='bbox 145 3660 336 3726; x_wconf 88' lang='lat' dir='ltr'><strong>destinatus</strong></span> <span class='ocrx_word' id='word_1_261' title='bbox 360 3668 419 3727; x_wconf 88' lang='lat' dir='ltr'><strong>est.</strong></span> <span class='ocrx_word' id='word_1_262' title='bbox 457 3662 545 3727; x_wconf 89' lang='lat' dir='ltr'><strong>Cum</strong></span> <span class='ocrx_word' id='word_1_263' title='bbox 567 3661 624 3726; x_wconf 85' lang='lat' dir='ltr'><strong>lex</strong></span> <span class='ocrx_word' id='word_1_264' title='bbox 646 3661 688 3726; x_wconf 92' lang='lat' dir='ltr'><strong>de</strong></span> <span class='ocrx_word' id='word_1_265' title='bbox 709 3661 897 3748; x_wconf 88' lang='lat' dir='ltr'><strong>provinciis</strong></span> <span class='ocrx_word' id='word_1_266' title='bbox 920 3663 1138 3728; x_wconf 74' lang='grc'><strong>1703111111</strong></span> <span class='ocrx_word' id='word_1_267' title='bbox 1160 3665 1214 3748; x_wconf 90' lang='lat' dir='ltr'><strong>sit,</strong></span> <span class='ocrx_word' id='word_1_268' title='bbox 1236 3665 1346 3729; x_wconf 90' lang='lat' dir='ltr'><strong>incer-</strong></span> 
     </span>
     <span class='ocr_line' id='line_1_31' title="bbox 143 3777 1346 3863; baseline 0.003 -21"><span class='ocrx_word' id='word_1_269' title='bbox 143 3784 220 3842; x_wconf 92' lang='lat' dir='ltr'><strong>tum</strong></span> <span class='ocrx_word' id='word_1_270' title='bbox 236 3784 296 3862; x_wconf 87' lang='lat' dir='ltr'><strong>est,</strong></span> <span class='ocrx_word' id='word_1_271' title='bbox 318 3800 402 3842; x_wconf 90' lang='lat' dir='ltr'><strong>num</strong></span> <span class='ocrx_word' id='word_1_272' title='bbox 416 3777 602 3842; x_wconf 88' lang='lat' dir='ltr'><strong>Mescinius</strong></span> <span class='ocrx_word' id='word_1_273' title='bbox 624 3777 837 3863; x_wconf 84' lang='lat' dir='ltr'><strong>provinciam</strong></span> <span class='ocrx_word' id='word_1_274' title='bbox 856 3801 885 3844; x_wconf 91' lang='lat' dir='ltr'><strong>a.</strong></span> <span class='ocrx_word' id='word_1_275' title='bbox 901 3779 962 3857; x_wconf 90' lang='grc'><strong>702</strong></span> <span class='ocrx_word' id='word_1_276' title='bbox 983 3779 1083 3844; x_wconf 91' lang='lat' dir='ltr'><strong>nonis</strong></span> <span class='ocrx_word' id='word_1_277' title='bbox 1099 3781 1346 3846; x_wconf 87' lang='lat' dir='ltr'><strong>Decembribus</strong></span> 
     </span>
     <span class='ocr_line' id='line_1_32' title="bbox 144 3893 1346 3964; baseline 0.003 -6"><span class='ocrx_word' id='word_1_278' title='bbox 144 3893 287 3958; x_wconf 89' lang='lat' dir='ltr'><strong>sortitus</strong></span> <span class='ocrx_word' id='word_1_279' title='bbox 316 3893 370 3958; x_wconf 91' lang='lat' dir='ltr'><strong>sit.</strong></span> <span class='ocrx_word' id='word_1_280' title='bbox 413 3893 745 3960; x_wconf 74' lang='grc' dir='ltr'><strong>Α1111070400111ο</strong></span> <span class='ocrx_word' id='word_1_281' title='bbox 772 3894 929 3961; x_wconf 79' lang='lat' dir='ltr'><strong>Ciliciam</strong></span> <span class='ocrx_word' id='word_1_282' title='bbox 956 3896 1135 3962; x_wconf 90' lang='lat' dir='ltr'><strong>obvenisse</strong></span> <span class='ocrx_word' id='word_1_283' title='bbox 1158 3897 1277 3964; x_wconf 89' lang='lat' dir='ltr'><strong>Cicero</strong></span> <span class='ocrx_word' id='word_1_284' title='bbox 1303 3898 1346 3962; x_wconf 93' lang='lat' dir='ltr'><strong>ad</strong></span> 
     </span>
     <span class='ocr_line' id='line_1_33' title="bbox 142 4009 1346 4098; baseline 0.002 -21"><span class='ocrx_word' id='word_1_285' title='bbox 142 4010 303 4077; x_wconf 88' lang='lat' dir='ltr'><strong>Atticum</strong></span> <span class='ocrx_word' id='word_1_286' title='bbox 324 4032 441 4091; x_wconf 88' lang='lat' dir='ltr'><strong>mense</strong></span> <span class='ocrx_word' id='word_1_287' title='bbox 463 4009 555 4075; x_wconf 88' lang='lat' dir='ltr'><strong>Maio</strong></span> <span class='ocrx_word' id='word_1_288' title='bbox 578 4010 697 4075; x_wconf 91' lang='lat' dir='ltr'><strong>scribit</strong></span> <span class='ocrx_word' id='word_1_289' title='bbox 712 4011 762 4076; x_wconf 92' lang='lat' dir='ltr'><strong>VI</strong></span> <span class='ocrx_word' id='word_1_290' title='bbox 781 4013 810 4094; x_wconf 94' lang='lat'><strong>2,</strong></span> <span class='ocrx_word' id='word_1_291' title='bbox 827 4012 880 4094; x_wconf 79' lang='lat'><strong>103</strong></span> <span class='ocrx_word' id='word_1_292' title='bbox 903 4012 1030 4098; x_wconf 88' lang='lat' dir='ltr'><strong>primas</strong></span> <span class='ocrx_word' id='word_1_293' title='bbox 1052 4020 1167 4078; x_wconf 93' lang='lat' dir='ltr'><strong>autem</strong></span> <span class='ocrx_word' id='word_1_294' title='bbox 1188 4036 1209 4078; x_wconf 90' lang='lat' dir='ltr'><strong>a</strong></span> <span class='ocrx_word' id='word_1_295' title='bbox 1230 4015 1346 4079; x_wconf 90' lang='lat' dir='ltr'><strong>Coelio</strong></span> 
     </span>
     <span class='ocr_line' id='line_1_34' title="bbox 142 4125 1346 4214; baseline 0.002 -20"><span class='ocrx_word' id='word_1_296' title='bbox 142 4127 281 4194; x_wconf 88' lang='lat' dir='ltr'><strong>litteras</strong></span> <span class='ocrx_word' id='word_1_297' title='bbox 314 4125 432 4192; x_wconf 89' lang='lat' dir='ltr'><strong>Cicero</strong></span> <span class='ocrx_word' id='word_1_298' title='bbox 465 4148 494 4191; x_wconf 92' lang='lat' dir='ltr'><strong>a.</strong></span> <span class='ocrx_word' id='word_1_299' title='bbox 522 4125 553 4190; x_wconf 94' lang='lat' dir='ltr'><strong>d.</strong></span> <span class='ocrx_word' id='word_1_300' title='bbox 576 4126 613 4190; x_wconf 91' lang='lat' dir='ltr'><strong>X</strong></span> <span class='ocrx_word' id='word_1_301' title='bbox 639 4125 831 4204; x_wconf 68' lang='grc'><strong>10111111.</strong></span> <span class='ocrx_word' id='word_1_302' title='bbox 865 4127 998 4214; x_wconf 83' lang='lat' dir='ltr'><strong>accepit</strong></span> <span class='ocrx_word' id='word_1_303' title='bbox 1030 4129 1086 4210; x_wconf 82' lang='lat' dir='ltr'><strong>(ad</strong></span> <span class='ocrx_word' id='word_1_304' title='bbox 1117 4128 1197 4197; x_wconf 87' lang='lat' dir='ltr'><strong>fam.</strong></span> <span class='ocrx_word' id='word_1_305' title='bbox 1221 4131 1257 4195; x_wconf 88' lang='lat' dir='ltr'><strong>H</strong></span> <span class='ocrx_word' id='word_1_306' title='bbox 1280 4132 1346 4214; x_wconf 84' lang='lat'><strong>19).</strong></span> 
     </span>
    </p>
   </div>
   <div class='ocr_carea' id='block_1_6' title="bbox 142 4263 349 4280">
    <p class='ocr_par' dir='ltr' id='par_1_7' title="bbox 142 4263 349 4280">
     <span class='ocr_line' id='line_1_35' title="bbox 142 4263 349 4280; baseline 0 0"><span class='ocrx_word' id='word_1_307' title='bbox 142 4263 349 4280; x_wconf 60' lang='lat' dir='ltr'><strong>auu——</strong></span> 
     </span>
    </p>
   </div>
   <div class='ocr_carea' id='block_1_7' title="bbox 249 4325 1347 4402">
    <p class='ocr_par' dir='ltr' id='par_1_8' title="bbox 249 4325 1347 4402">
     <span class='ocr_line' id='line_1_36' title="bbox 249 4325 1347 4402; baseline 0.005 -22"><span class='ocrx_word' id='word_1_308' title='bbox 249 4327 269 4394; x_wconf 85' lang='lat'><strong>¹)</strong></span> <span class='ocrx_word' id='word_1_309' title='bbox 288 4325 465 4381; x_wconf 83' lang='lat' dir='ltr'><strong>Conferatur</strong></span> <span class='ocrx_word' id='word_1_310' title='bbox 489 4325 635 4382; x_wconf 87' lang='lat' dir='ltr'><strong>Klenzius</strong></span> <span class='ocrx_word' id='word_1_311' title='bbox 660 4326 692 4380; x_wconf 92' lang='lat' dir='ltr'><strong>in</strong></span> <span class='ocrx_word' id='word_1_312' title='bbox 719 4325 847 4394; x_wconf 84' lang='lat' dir='ltr'><strong>editione</strong></span> <span class='ocrx_word' id='word_1_313' title='bbox 873 4326 949 4398; x_wconf 86' lang='lat' dir='ltr'><strong>legis</strong></span> <span class='ocrx_word' id='word_1_314' title='bbox 975 4327 1117 4386; x_wconf 88' lang='lat' dir='ltr'><strong>Serviliae</strong></span> <span class='ocrx_word' id='word_1_315' title='bbox 1144 4337 1174 4385; x_wconf 88' lang='lat' dir='ltr'><strong>et</strong></span> <span class='ocrx_word' id='word_1_316' title='bbox 1200 4331 1284 4402; x_wconf 88' lang='lat' dir='ltr'><strong>Corp.</strong></span> <span class='ocrx_word' id='word_1_317' title='bbox 1302 4332 1347 4386; x_wconf 91' lang='lat' dir='ltr'><strong>in-</strong></span> 
     </span>
    </p>
   </div>
   <div class='ocr_carea' id='block_1_8' title="bbox 39 4408 668 4490">
    <p class='ocr_par' dir='ltr' id='par_1_9' title="bbox 39 4408 668 4490">
     <span class='ocr_line' id='line_1_37' title="bbox 39 4408 668 4490; baseline -0.002 -25"><span class='ocrx_word' id='word_1_318' title='bbox 39 4485 43 4490; x_wconf 33' lang='grc'><strong>,</strong></span> <span class='ocrx_word' id='word_1_319' title='bbox 143 4408 339 4480; x_wconf 87' lang='lat' dir='ltr'><strong>scriptionem</strong></span> <span class='ocrx_word' id='word_1_320' title='bbox 356 4409 532 4464; x_wconf 88' lang='lat' dir='ltr'><strong>Latinarum</strong></span> <span class='ocrx_word' id='word_1_321' title='bbox 549 4410 565 4464; x_wconf 83' lang='lat'>1</span> <span class='ocrx_word' id='word_1_322' title='bbox 582 4428 610 4480; x_wconf 91' lang='lat' dir='ltr'><strong>p.</strong></span> <span class='ocrx_word' id='word_1_323' title='bbox 627 4413 668 4465; x_wconf 87' lang='lat'><strong>49.</strong></span> 
     </span>
    </p>
   </div>
   <div class='ocr_carea' id='block_1_9' title="bbox 248 4491 901 4564">
    <p class='ocr_par' dir='ltr' id='par_1_10' title="bbox 248 4491 901 4564">
     <span class='ocr_line' id='line_1_38' title="bbox 248 4491 901 4564; baseline 0.003 -17"><span class='ocrx_word' id='word_1_324' title='bbox 248 4491 268 4560; x_wconf 65' lang='grc'><strong>2)</strong></span> <span class='ocrx_word' id='word_1_325' title='bbox 286 4493 489 4549; x_wconf 87' lang='lat' dir='ltr'><strong>Mommsenus</strong></span> <span class='ocrx_word' id='word_1_326' title='bbox 507 4493 543 4548; x_wconf 91' lang='lat' dir='ltr'><strong>de</strong></span> <span class='ocrx_word' id='word_1_327' title='bbox 560 4493 625 4549; x_wconf 91' lang='lat' dir='ltr'><strong>iure</strong></span> <span class='ocrx_word' id='word_1_328' title='bbox 642 4492 761 4564; x_wconf 89' lang='lat' dir='ltr'><strong>publico</strong></span> <span class='ocrx_word' id='word_1_329' title='bbox 779 4493 901 4549; x_wconf 72' lang='lat'><strong>115202.</strong></span> 
     </span>
    </p>
   </div>
   <div class='ocr_carea' id='block_1_10' title="bbox 0 0 1640 4926">
    <p class='ocr_par' dir='ltr' id='par_1_11' title="bbox 0 0 1640 4926">
     <span class='ocr_line' id='line_1_39' title="bbox 0 0 1640 4926; baseline 0 0"><span class='ocrx_word' id='word_1_330' title='bbox 0 0 1640 4926; x_wconf 95' lang='lat' dir='ltr'><strong> </strong></span> 
     </span>
    </p>
   </div>
  </div>
 </body>
</html>
