3262 4926
778 223 799 286 3

190 406 405 494 perspicitur,
423 405 572 490 Hirrum,
595 405 853 492 competitorem
868 405 986 490 Caelii,
1007 404 1220 471 aedilitatem
1239 405 1392 472 curulem

76 609 79 614 Δ
191 523 357 611 petivisse
378 529 532 609 apertum
554 529 615 588 est.

291 639 400 704 Attici
433 645 548 705 autem
569 639 761 725 epistulam,
794 638 838 703 ad
864 660 966 724 quam
991 638 1191 704 rescribitur
1212 661 1264 725 ep.
1286 639 1319 704 V
1341 640 1389 724 19,

191 757 312 823 Cicero
326 755 458 843 aceepit
472 778 500 820 a.
517 754 548 820 d.
564 755 620 820 XI
634 755 668 821 k.
681 755 753 820 Oct.
768 755 914 842 septimo
936 754 1195 841 quadragesimo
1210 755 1267 821 die
1289 777 1391 840 quam
1496 803 1499 810 .

191 875 320 939 Romae
350 873 529 939 tabellario
564 871 645 938 data
677 879 729 938 est
761 871 824 956 (19,
863 872 915 955 l);
953 871 1064 937 Attici
1101 871 1209 956 igitur
1244 872 1391 958 epistula

190 991 316 1076 scripta
338 998 420 1075 erat,
444 1013 523 1056 cum
544 1013 574 1056 a.
598 989 629 1055 d.
652 989 706 1054 XI
726 989 761 1054 k.
782 989 855 1054 Oct.
877 990 920 1054 20
941 988 1014 1054 dies
1036 989 1163 1054 mensis
1179 976 1390 1076 Septembris

191 1109 441 1194 praeterissent,
475 1107 570 1191 ad.
593 1107 648 1172 HI
668 1129 746 1172 non.
770 1106 871 1190 Sext,
905 1127 971 1192 quo
1007 1105 1126 1171 (11627
1158 1105 1231 1170 dies
1263 1105 1391 1171 mensis
1520 1099 1525 1110 ⁴

190 1225 282 1291 Sext.
315 1225 442 1309 reliqui
478 1231 588 1308 erant,
624 1224 665 1288 29
697 1245 779 1288 sane
816 1221 889 1287 dies
926 1228 961 1287 et
997 1222 1088 1288 Sext.
1121 1229 1156 1287 et
1188 1222 1281 1309 Sept.
1303 1228 1391 1344 ⁴tum

190 1341 349 1410 habebat.

293 1457 337 1522 K.
355 1457 492 1542 quidem
507 1456 598 1522 Sext.
614 1455 749 1522 Caelius
765 1454 983 1520 scribitVIII
993 1455 1022 1539 4,
1035 1456 1056 1519 3
1078 1457 1122 1521 ad
1140 1458 1291 1522 kalendas
1305 1457 1388 1522 Sem.

192 1600 288 1660 usque
310 1577 499 1661 euspiectaoi,
512 1575 692 1660 praetoriis
706 1597 810 1638 morae
825 1573 979 1658 quaedam
992 1574 1185 1639 iucideiuut:
1207 1599 1275 1638 meu
1293 1599 1391 1661 porro

194 1696 321 1757 comitia
342 1716 429 1777 quem
450 1705 587 1756 euentum
608 1694 674 1756 sim
694 1691 849 1773 habitura,
871 1693 986 1755 ucesiu.
1321 1770 1323 1776 Ι

291 1807 341 1872 Eo
364 1806 420 1871 die
441 1828 506 1871 nec
526 1813 701 1892 praetores
734 1827 798 1870 nec
828 1804 955 1870 aediles
989 1814 1119 1872 creatos
1154 1806 1262 1872 fuisse
1283 1807 1391 1872 mani-

191 1923 318 1989 festum
340 1930 401 1988 est.
444 1921 569 2007 Atque,
591 1929 630 1987 ut
650 1922 786 1988 mittam
817 1921 982 1988 kalendas
1009 1923 1101 1988 Sext.
1125 1929 1159 1988 et
1187 1922 1279 1988 diem
1299 1929 1391 2009 post-

192 2041 376 2106 riduanum
397 2061 467 2105 non
489 2039 677 2104 comitiales
710 2038 784 2104 dies
811 2037 926 2122 fuisse,
958 2045 1037 2126 post
1067 2039 1113 2105 id.
1137 2038 1228 2106 Sext.
1253 2021 1391 2106 comitia

189 2156 350 2222 aedilicia
371 2177 400 2221 a.
424 2156 486 2220 703
507 2155 599 2220 facta
620 2176 693 2220 esse
714 2176 893 2241 possumus
916 2153 1083 2220 evincere.

290 2273 465 2339 Ciceronis
489 2271 637 2359 epistula
657 2271 695 2336 H
717 2272 758 2336 10
779 2271 945 2358 rescripta
966 2278 1019 2337 est
1041 2273 1084 2338 ad
1101 2273 1211 2339 Caelii
1234 2294 1285 2359 ep.
1302 2272 1391 2338 VIII

190 2391 220 2456 5.
242 2391 446 2457 Conferatur
1160 2368 1163 2375 1

200 2509 286 2572 VIII
300 2515 330 2590 5,
353 2517 371 2573 1
397 2511 527 2573 uum‘si
551 2509 607 2573 isoc
635 2508 723 2572 modo
750 2531 816 2571 rem
841 2507 941 2570 umde-
992 2503 1036 2568 ad
1058 2503 1138 2570 fam.
1165 2507 1209 2574 II
1230 2513 1280 2589 10,
1305 2513 1329 2572 2
1357 2522 1391 2573 ut

193 2629 268 2691 rari
281 2651 452 2712 possemus,
474 2640 507 2690 ut
529 2650 594 2713 pro
625 2627 748 2689 uiribus
779 2626 941 2710 copiosum
990 2626 1115 2708 optasti,
1139 2627 1187 2689 ita
1207 2638 1260 2688 est.
1291 2625 1391 2689 Veilcs

192 2757 315 2807 tuarum
344 2745 421 2808 belli
444 2767 560 2829 quoque
590 2745 735 2807 existeret
760 2742 941 2829 mupuitudo
991 2743 1156 2822 miminis,
1171 2739 1288 2806 tautum
1301 2742 1389 2806 modo

189 2873 220 2924 et
234 2874 381 2946 quamtum
393 2861 515 2947 ploriae
534 2860 748 2946 triumphoque
763 2883 840 2945 opus
855 2872 940 2940 esset,
991 2871 1025 2920 ut
1073 2858 1214 2922 haberem
1262 2861 1389 2945 ucpotii,

1 3021 2 3032 ,
92 3013 95 3019 ·
190 2977 658 3064 adsequeremur,pericul0sum
671 2990 700 3040 et
710 2999 837 3062 prauam
851 2976 941 3039 illam
991 2974 1391 3058 qucdessetudluureolum

192 3095 425 3164 dimicationem
451 3096 645 3174 evitaremus,
671 3093 757 3157 uihil
776 3106 838 3156 tum
864 3105 942 3156 esset
991 3093 1087 3171 sutis,
1122 3090 1255 3155 Parthos
1291 3093 1389 3171 times,

192 3211 374 3298 optandum:
395 3235 477 3276 uuue
498 3213 531 3274 si
543 3195 791 3274 Parthus'mouet
805 3209 940 3294 aliquid,
991 3210 1067 3292 quia
1113 3206 1242 3293 diffidis
1288 3210 1390 3294 copiis

192 3329 258 3390 scio
290 3352 350 3392 ocu
385 3328 571 3392 mediocrem
604 3324 676 3406 fore
711 3329 940 3408 contemtionem,
990 3327 1116 3389 uostris.
1376 3307 1378 3313 Ι

191 3458 263 3507 tuus
290 3469 391 3530 porro
426 3446 583 3509 exercitus
617 3445 674 3508 viic
707 3467 800 3506 uarum
828 3445 941 3506 saltum

189 3562 277 3624 tueri
292 3573 401 3646 potest.

196 3676 284 3740 VIII
290 3680 359 3758 032
380 3679 501 3743 aceedit
521 3677 589 3758 huc,
615 3676 699 3762 quod
718 3677 940 3740 successionem
991 3673 1035 3736 II
1055 3677 1096 3737 10
1108 3721 1117 3753 ,
1144 3677 1166 3736 4
1203 3696 1313 3757 quum,
1346 3675 1394 3737 mi

188 3791 330 3873 futurum
344 3810 481 3882 propter
499 3794 678 3859 Galliarum
700 3793 941 3858 controuersiam
991 3787 1086 3874 Rufe,
1113 3789 1229 3876 vipilu:
1247 3791 1391 3874 primum

190 3933 252 3974 mou
273 3910 371 3975 uideo.
990 3920 1024 3970 ut
1037 3906 1122 3970 milii
1132 3906 1324 3986 succedatur,
1339 3907 1391 3969 siu

991 4023 1029 4088 id
1055 4026 1128 4104 erit,
1154 4035 1195 4116 ut
1218 4023 1333 4086 scribis
1363 4034 1392 4085 et

977 4154 1024 4204 ut
1050 4164 1102 4227 epo
1130 4140 1281 4219 urbitmr,
1308 4139 1391 4222 spis·

991 4260 1059 4321 sius
1081 4270 1135 4321 cet.

289 4371 399 4438 Nemo
413 4395 484 4439 non
499 4373 673 4458 intellegit
687 4371 793 4438 verba
811 4370 885 4437 fero
899 4370 1016 4438 verbis
1031 4369 1253 4458 respondere3
1270 4368 1390 4436 Cicero

186 4494 308 4553 antem
330 4488 482 4556 declarat
504 4512 557 4577 ep.
579 4489 703 4556 Vmo
724 4496 804 4555 ante
827 4488 966 4554 comitio
986 4487 1146 4554 aedilicia
1168 4486 1284 4551 datam
1307 4507 1389 4570 esse,

1207 4600 1239 4654 1*
