3262 4926
758 611 1022 737 VITA.

394 989 492 1048 Natus
521 1009 588 1048 sum
607 989 716 1049 Lissae
737 989 786 1049 die
806 990 888 1048 XIX
912 989 1026 1048 mensis
1047 990 1206 1050 Februarii
1230 1012 1308 1050 anno
1328 993 1357 1050 h.
1380 1013 1403 1052 s
1425 995 1498 1069 LX,

291 1097 377 1167 patre
397 1090 516 1148 Isidoro
539 1097 716 1164 mercatore,
738 1097 834 1148 matre
855 1089 968 1166 Sophia
988 1109 1004 1148 e
1025 1097 1116 1166 gente
1130 1093 1273 1167 LazaruS,
1289 1093 1399 1167 quibus
1413 1094 1498 1153 vivis

292 1191 444 1266 salvisque
464 1191 662 1250 vehementer
680 1190 808 1266 gaudeo.
841 1190 950 1250 Fidem
970 1190 1114 1266 profiteor
1132 1191 1291 1250 iudaicam.

391 1291 571 1367 Glogaviam
592 1311 660 1350 cum
682 1298 825 1367 parentes
854 1291 1047 1367 migrassent.
1073 1289 1162 1350 huius
1187 1291 1271 1350 urbis
1299 1294 1498 1368 gymnasium

293 1391 474 1450 catholicum
486 1389 679 1466 frequentavi
696 1391 899 1466 gubernatum
912 1399 977 1449 tum
991 1412 1009 1449 a
1021 1390 1195 1450 Wentzelio
1210 1392 1371 1468 directore,
1386 1402 1499 1470 postea

292 1513 309 1550 a
338 1491 522 1566 Raczeokio,
554 1491 683 1566 denique
713 1511 731 1548 a
759 1489 891 1566 Mengio.
931 1491 1037 1566 Neque
1067 1511 1139 1550 vero
1168 1512 1300 1567 unquam
1329 1493 1499 1554 obliviscar

293 1599 437 1668 quantum
461 1593 588 1650 debeam
612 1591 674 1650 illis
694 1590 770 1651 viris
795 1598 826 1650 et
849 1591 1107 1668 praeceptoribus,
1133 1591 1281 1668 imprimis
1301 1593 1437 1652 Ferbero
1464 1604 1499 1655 et

293 1692 459 1752 Laurentio
478 1693 636 1768 Muellero,
658 1711 732 1767 quos
754 1711 874 1768 semper
893 1691 1055 1768 praecipuo
1076 1691 1240 1750 inhonore
1260 1692 1386 1751 habebo.

390 1792 577 1850 Maturitatis
597 1792 771 1851 testimonio
796 1791 964 1850 instructus
985 1799 1127 1850 autumno
1148 1812 1173 1850 a.
1194 1791 1334 1850 LXXVI
1353 1792 1498 1868 Lipsiam

292 1913 340 1952 me
361 1893 474 1952 contuli
494 1913 529 1951 eo
551 1893 685 1967 consilio,
706 1899 740 1951 ut
760 1892 798 1950 iis
819 1891 931 1950 studiis
952 1912 999 1950 me
1020 1892 1172 1966 dederam,
1193 1912 1269 1967 quae
1288 1913 1337 1951 me
1362 1894 1498 1955 maxime

292 1993 489 2053 delectarent.
528 1995 636 2069 Itaque
658 2014 725 2052 cum
755 1993 865 2051 multas
890 1992 1044 2051 doctrinas
1071 1991 1177 2068 primis
1201 1992 1294 2051 labris
1319 1994 1495 2071 gustabam,

291 2100 356 2152 tum
366 2094 558 2170 potissimum
572 2094 611 2153 ad
625 2093 735 2152 artium
750 2101 780 2151 et
800 2093 972 2151 litterarum
985 2092 1143 2150 historiam
1157 2099 1247 2167 atque
1261 2093 1300 2152 ad
1314 2093 1497 2171 aesthetica,

291 2203 325 2253 ut
344 2195 473 2254 barbare
494 2195 601 2268 dicam,
623 2193 724 2253 studia
743 2214 791 2252 me
814 2192 1013 2254 conferebam.
1054 2191 1138 2264 Quae
1160 2213 1228 2252 oum
1249 2191 1300 2250 diu
1325 2193 1499 2268 agitassem

291 2294 424 2372 Lipsiae,
439 2295 672 2370 Heidelbergae,
687 2293 831 2376 Berolini,
853 2293 1004 2368 Genavae,
1025 2293 1202 2352 Berolinum
1221 2292 1394 2368 remigravi.
1427 2295 1499 2354 Iam

292 2415 365 2454 vero
386 2395 451 2454 sive
482 2395 562 2470 quod
591 2394 665 2452 mihi
688 2413 868 2471 persuasum
892 2401 957 2453 erat
986 2393 1050 2452 fere
1081 2394 1180 2452 omnia
1210 2393 1311 2452 studia
1341 2395 1498 2456 caecutire

292 2495 357 2554 sine
378 2495 560 2572 philologiae
580 2495 692 2554 lumine
713 2494 778 2553 sive
799 2496 879 2570 quod
899 2495 1020 2554 scholae
1034 2495 1091 2553 hac
1109 2494 1142 2552 in
1155 2494 1356 2555 universitate
1370 2495 1498 2556 habitae

293 2594 391 2671 magis
411 2596 568 2672 magisque
594 2597 633 2655 ad
657 2603 778 2656 veteres
808 2603 948 2655 auctores
974 2595 1151 2654 tractandos
1177 2616 1226 2655 me
1255 2594 1498 2672 inflammabant,

291 2695 473 2772 philologiae
492 2703 590 2754 totum
609 2717 657 2754 me
676 2696 799 2755 tradidi.
1233 2689 1235 2692 ’

390 2795 515 2872 Lipsiae
535 2796 639 2855 audivi
658 2797 873 2870 Hermannum,
895 2796 1101 2873 Springerum,
1124 2795 1159 2854 G.
1176 2795 1342 2872 Voigtium,
1363 2796 1498 2856 Heidel-

291 2896 403 2972 bergae
433 2895 545 2972 optime
575 2897 612 2955 de
643 2917 690 2956 me
719 2897 820 2956 meriti
840 2905 911 2955 sunt
930 2897 1095 2955 Fischerus
1129 2903 1160 2955 et
1184 2895 1320 2972 Nohlius,
1348 2896 1497 2957 Genavae

291 2995 392 3054 Amiel
411 3004 442 3054 et
462 2997 621 3056 Humbert.
656 2997 791 3056 Berolini
811 2996 915 3056 audivi
934 2996 1080 3071 Curtium,
1099 2997 1305 3072 Huebnerum,
1326 2998 1363 3054 A.
1380 2997 1498 3056 Kirch-

290 3096 422 3172 hoffium,
436 3097 634 3172 Nitzschium,
647 3097 835 3173 Schererum,
846 3097 1024 3171 Vahlenum,
1035 3095 1312 3172 Wattenbachium,
1327 3097 1497 3160 Zellerum.

291 3197 342 3255 Ad
375 3197 609 3257 exercitationes
637 3198 768 3274 benigne
801 3197 917 3257 aditum
950 3197 1023 3255 mihi
1052 3203 1268 3255 concesserunt
1297 3197 1497 3276 HuebneruS,

292 3298 507 3374 Mommsenus,
521 3298 705 3376 Nitzsohius,
716 3287 886 3374 VahlenuS,
895 3298 1159 3370 Wattenbachius
1174 3299 1320 3360 Zellerus.
1343 3297 1498 3359 Omnibus

291 3398 352 3458 illis
381 3399 456 3459 viris
489 3418 622 3458 summas
645 3399 761 3475 gratias
788 3419 854 3475 age,
885 3397 1119 3458 candidissimas
1149 3406 1250 3478 autem
1269 3398 1436 3457 Huebnero
1464 3409 1497 3458 et

291 3500 492 3576 Mommseno;
513 3521 583 3560 nam
597 3520 664 3559 cum
678 3499 751 3558 mihi
765 3499 952 3576 contigisset,
967 3506 1001 3558 ut
1014 3499 1173 3558 Huebneri
1188 3507 1218 3557 et
1232 3497 1343 3557 scholis
1358 3507 1390 3558 et
1404 3519 1496 3558 exer-

292 3598 487 3660 citationibus
506 3598 634 3676 amplius
654 3599 809 3658 biennium
827 3600 1008 3658 interessem
1029 3606 1118 3674 atque
1138 3606 1172 3657 ut
1196 3598 1351 3658 seminarii
1364 3599 1497 3659 Momm-

292 3699 410 3760 seniani
426 3699 539 3758 sodalis
553 3719 661 3774 essem,
676 3698 735 3757 viri
749 3699 910 3758 clarissimi
924 3719 991 3758 cum
1005 3719 1121 3758 summa
1136 3698 1275 3758 doctrina
1288 3707 1353 3758 tum
1366 3699 1498 3776 egregia

292 3801 421 3877 quadarn
441 3799 654 3859 benevolentia
673 3799 781 3857 mirum
802 3807 947 3875 quantum
967 3800 1004 3858 de
1025 3818 1072 3858 me
1092 3799 1193 3859 meriti
1213 3807 1291 3857 sunt.
