3262 4926
873 215 915 282 24

398 397 539 462 Temere
561 397 736 463 Manutius
764 398 802 464 in
822 406 965 484 utraque
987 399 1031 464 ad
1053 399 1218 466 Catonem
1243 397 1389 484 epistula
1411 427 1440 464 o.
1463 401 1493 466 d.

297 515 359 579 ΙΙΙ
381 517 410 579 lc.
441 515 526 601 Seps.
554 513 773 582 scribendum
789 537 874 592 esse
901 515 1056 600 coniecit,
1086 537 1167 580 nam
1196 515 1356 601 quoniam
1387 516 1495 600 legati

295 637 465 696 venerunt
487 651 565 695 cum
586 629 705 696 Cicero
726 631 794 696 iter
814 631 926 696 fecere
955 637 1105 720 coepisset
1131 631 1188 713 (ad
1209 631 1288 697 fam.
1309 633 1379 697 XV
1399 633 1429 716 4,
1452 633 1493 719 3),

296 745 417 812 Cicero
443 752 558 811 autem
589 746 627 812 in
649 745 807 812 Ciliciam
838 748 989 834 perrexit
1022 771 1100 814 oum
1125 747 1239 814 nuntii
1267 755 1407 816 venirent
1439 750 1495 832 (ad

296 863 369 928 Ait.
397 863 429 928 V
454 865 504 947 20,
531 863 573 948 2),
608 863 727 930 Cicero
753 865 912 930 nuntium
941 864 983 930 de
1009 865 1147 930 Parthis
1176 886 1247 932 non
1274 872 1353 931 ante
1382 865 1495 952 pridie

295 957 445 1066 kjseps.
467 982 511 1062 (v.
534 979 579 1045 aa
599 979 679 1046 sm.
701 981 757 1044 111
777 983 806 1064 e,
829 983 861 1062 e)
883 982 1024 1068 ascopa.

396 1121 505 1187 Recte
534 1129 648 1188 autem
679 1121 841 1188 traditam
874 1122 1058 1189 lectionem
1079 1121 1295 1189 Hofmannus
1328 1124 1494 1210 defendit,

297 1259 375 1303 oum
390 1245 528 1304 censeat
539 1239 747 1321 Ciceronem,
760 1245 940 1326 postquam
956 1247 1066 1305 castra
1081 1239 1193 1326 pridie
1209 1239 1241 1305 lr.
1255 1240 1348 1327 Sept.
1364 1244 1494 1310 moveri

297 1363 416 1440 coepta
453 1355 531 1439 sint,
564 1355 601 1420 in
627 1356 745 1420 castris
773 1354 883 1421 leonii
914 1357 1098 1433 mansisse,
1133 1355 1253 1423 Altero
1280 1365 1393 1424 autem
1421 1349 1494 1426 loco

298 1469 348 1535 ita
376 1471 591 1560 interpungit
617 1478 743 1539 interior
776 1499 843 1538 erim
870 1478 1008 1540 exercita
1040 1477 1168 1541 instrato
1201 1479 1261 1541 iter
1287 1479 1320 1541 in
1348 1477 1495 1542 Ciliciam

298 1587 414 1674 facere
436 1595 603 1678 coepissent
624 1593 653 1655 lt.
677 1591 771 1679 Sept,
794 1594 892 1679 ispali
910 1595 1137 1657 sustinuerant.

398 1739 490 1818 Quin
511 1740 617 1806 etiam
639 1740 752 1805 evinci
766 1747 880 1826 potest
901 1764 919 1806 e
942 1741 1192 1828 comparatione
1208 1741 1430 1828 epistularum
1444 1743 1496 1836 ¹ad

298 1855 507 1942 Appius
533 1863 567 1922 et
593 1857 689 1922 1117
715 1856 914 1922 Ciceronem
940 1864 1018 1945 post
1047 1857 1085 1922 in
1113 1858 1234 1925 castris
1260 1857 1366 1924 fuisse
1395 1883 1493 1944 quam

299 1971 380 2037 data
401 1972 456 2038 sit.
479 1995 530 2059 ep.
554 1973 651 2038 1116.
695 1973 861 2039 Narratur
883 1974 976 2038 enim
997 1975 1095 2056 1117,
1118 1975 1140 2045 4
1159 1975 1267 2062 Appii
1287 1999 1429 2062 puerum
1451 1976 1495 2042 ad

298 2089 500 2154 Ciceronem
510 2090 646 2155 venisse
663 2090 760 2174 eique
772 2090 948 2156 nuntiasse
960 2091 1112 2178 Appium
1123 2097 1202 2156 ante
1219 2091 1329 2157 lucem
1340 2092 1496 2158 Iconium

298 2211 482 2272 venturum
510 2228 592 2290 esse,
621 2213 699 2292 post
724 2205 876 2293 Appium
905 2206 1042 2290 quidem
1069 2214 1178 2272 castra
1205 2215 1497 2293 praetergressum

299 2343 386 2405 esse,
403 2321 620 2387 *Ciceronem
652 2330 767 2387 autem
798 2345 873 2389 sero
905 2323 1060 2390 Iconium
1092 2325 1237 2390 venisse.
1287 2324 1381 2388 Haec
1419 2347 1498 2390 cum

298 2437 490 2521 agebantur
526 2438 644 2504 Cicero
677 2439 750 2504 sine
790 2438 893 2504 dubio
930 2439 967 2504 in
999 2439 1120 2506 castris
1151 2440 1195 2505 ad
1227 2441 1382 2505 leonium
1415 2449 1496 2508 erat.

299 2553 408 2638 Atqui
437 2554 588 2642 Appium
620 2563 730 2621 castra
763 2555 914 2621 nondum
939 2563 1229 2644 praetergressum
1262 2580 1335 2622 esse
1369 2580 1445 2622 cum
1468 2541 1498 2624 e

299 2677 373 2737 tota
405 2671 551 2758 epistula
583 2673 638 2736 HI
665 2675 685 2738 6
716 2682 790 2738 tum
823 2649 864 2739 ex
897 2674 951 2738 his
982 2675 1066 2740 locis
1099 2674 1304 2762 perspicitur
1336 2675 1391 2738 HI
1420 2677 1448 2758 6,
1478 2675 1498 2739 5

299 2792 514 2856 molestissime
557 2806 657 2856 ostem
691 2771 766 2870 ¹fero
810 2794 894 2877 qood
926 2807 966 2873 tc,
1010 2795 1066 2857 sibi
1106 2796 1232 2856 visuros
1273 2795 1346 2874 sins,
1383 2797 1496 2875 nescio,

300 2931 392 2992 eoque
414 2908 458 2972 ad
481 2921 508 2972 te
534 2908 657 2972 sardios
683 2911 811 2996 scripsi,
840 2909 924 2996 quod
943 2909 1057 2974 cotidie
1083 2921 1110 2972 te
1138 2909 1241 2995 ipsine
1268 2903 1497 2994 esspectodom:

301 3049 369 3088 cum
394 3027 512 3088 intereo
538 3049 575 3088 ne
602 3028 722 3102 litteras
747 3025 870 3110 quidem
897 3029 977 3090 ullos
1010 3029 1132 3112 occepi,
1165 3049 1243 3109 quoe
1270 3049 1317 3088 rie
1345 3025 1497 3106 docerent,

300 3140 380 3226 qnid
398 3165 505 3228 operes
526 3155 580 3204 out
600 3142 657 3204 ubi
682 3154 708 3204 te
730 3145 855 3205 visuras
877 3166 980 3206 essem.
998 3191 1004 3206 .
1023 3190 1054 3204 ..
1076 3140 1140 3206 Sed
1158 3141 1268 3228 pinne,
1296 3141 1419 3225 quando
1447 3155 1501 3206 eat

299 3258 357 3321 ubi
381 3272 409 3321 te
434 3261 559 3322 visuros
584 3260 658 3338 sior,
685 3261 755 3322 nisi
778 3259 824 3322 od¹
846 3284 891 3323 ms
918 3261 1097 3346 scripseris,
1123 3282 1160 3322 ne
1186 3259 1350 3344 suspicari
1374 3259 1499 3344 qnidam

167 3415 170 3422 ¹
293 3399 433 3461 POSSWC.

401 3513 531 3593 Quodsi
552 3515 590 3579 in
611 3537 662 3600 ep.
678 3515 747 3579 XV
766 3515 786 3578 3
807 3513 969 3580 traditam
991 3513 1175 3579 lectionem
1196 3512 1392 3597 retinemus,
1414 3513 1499 3578 haec

305 3652 356 3717 ep.
380 3652 408 3695 a.
432 3629 464 3696 d.
487 3632 542 3696 ΠΙ
564 3654 642 3697 non.
666 3631 758 3718 Sept.
781 3631 940 3718 paullove
962 3638 1040 3718 post
1061 3629 1140 3708 data
1162 3638 1223 3698 est.

400 3780 515 3866 Atque
538 3780 643 3848 etiam
665 3781 847 3868 epistulam
868 3781 912 3846 ad
933 3780 1087 3867 Appium
1109 3781 1163 3846 III
1185 3783 1205 3846 6
1234 3780 1396 3866 scriptam
1424 3780 1498 3846 esse
1520 3861 1522 3864 Ι

296 3897 449 3964 arbitror
475 3905 553 3985 post
578 3899 738 3964 nuntium
767 3899 809 3965 de
838 3898 979 3964 Parthis
1003 3907 1198 3985 ·aoceptum;
1231 3897 1378 3982 legimus
1406 3897 1498 3963 enim

297 4019 321 4097 ξ
353 4017 374 4079 6
406 4020 467 4082 iter
501 4019 536 4082 in
569 4015 716 4082 Cilicium
739 4017 835 4102 facio
868 4043 929 4104 per·
960 4018 1208 4105 Cappadociam
1242 4014 1350 4080 tribus
1384 4021 1498 4079 autem

298 4133 458 4219 epistulis
480 4132 599 4198 Cicero
622 4133 777 4218 explicat,
805 4131 956 4197 saviam
984 4132 1080 4196 illam
1107 4129 1245 4214 ingredi
1271 4130 1498 4214 constituisse,

302 4271 379 4314 cum
401 4249 542 4315 allatum
564 4256 654 4315 esset
676 4249 881 4314 Parthorum
904 4249 1017 4336 copias
1035 4247 1248 4335 Euphratem
1269 4247 1432 4313 transisse
1455 4247 1499 4312 ad

302 4365 376 4433 Art.
399 4366 430 4431 V
452 4367 502 4452 20,
528 4367 548 4432 2
571 4365 615 4430 ad
635 4364 715 4430 fam.
738 4365 807 4430 XV
829 4365 857 4448 2,
882 4366 899 4429 1
922 4364 966 4430 ad
988 4364 1067 4430 fam.
1090 4365 1159 4430 XV
1179 4366 1209 4448 4,
1235 4365 1264 4430 4.
1308 4354 1498 4449 Teneamus

297 4505 383 4548 sane
406 4506 435 4550 a.
450 4484 483 4549 d.
507 4484 561 4548 111
584 4504 661 4549 non.
679 4482 771 4569 Sept.
794 4480 990 4547 nuntiatum
1013 4503 1085 4546 esse
1109 4483 1213 4548 etiam
1231 4479 1414 4545 Armenios
1436 4479 1499 4543 im·
