3262 4926
886 182 929 246 30

308 363 475 430 adventus
514 366 567 430 sui
585 387 587 394 ’
603 365 740 430 Parthis
776 365 935 430 timorem
971 364 1156 448 iniectum,
1192 371 1227 428 et
1263 365 1429 449 epistulae
1465 364 1511 428 ad

309 482 473 548 Catonem
509 482 578 546 XV
613 483 642 565 4,
679 505 697 546 c
734 501 799 566 qua
833 481 1040 567 perspicitur
1075 481 1275 547 Ciceronem
1310 481 1510 567 priusquam

309 597 535 663 Amanienses
562 598 699 663 adortus
726 598 773 663 sit
792 598 997 664 Parthorum
1028 597 1146 682 fugam
1179 597 1360 663 audivisse.
1397 598 1509 662 Immo

288 714 428 807 ,Cicero
451 713 602 780 declarat
624 715 667 780 ad
688 715 762 779 Att.
785 714 817 778 V
838 715 881 778 20
902 737 922 778 a
945 715 1140 779 seParthis
1162 714 1322 800 panicum
1344 721 1509 779 terrorem

309 830 444 895 illatum
474 802 556 896 esse.
601 831 700 909 Quod
733 830 839 896 editio
862 831 1074 897 Ascensiana
1102 837 1229 898 1111111111
1261 830 1366 915 addit,
1400 837 1508 914 erant,

310 946 367 1031 qui
401 948 437 1011 in
470 954 604 1012 textum
636 948 726 1013 hanc
758 947 962 1034 particulam
988 947 1188 1034 reciperent.
1233 947 1282 1012 At
1313 947 1404 1012 haud
1437 948 1509 1013 scio

309 1086 353 1128 an
387 1065 495 1150 possit
534 1064 674 1130 defendi
714 1063 841 1130 tradita
877 1064 979 1130 lectio
1022 1063 1127 1148 eaque
1165 1064 1297 1129 ratione
1338 1065 1510 1130 sententia

309 1179 431 1264 evolvi,
457 1188 496 1244 ut
522 1186 603 1246 caira
633 1181 809 1246 etiamad
835 1179 872 1245 id
899 1179 989 1264 quod
1010 1181 1163 1264 sequitur
1189 1181 1361 1266 pertineat
1385 1208 1508 1248 ramore

309 1301 390 1362 1111111
428 1299 577 1363 advectas
617 1303 727 1381 acstri,
764 1296 807 1362 de
844 1318 909 1380 quo
945 1297 1189 1383 particularum
1229 1320 1292 1363 usu
1329 1297 1509 1384 disputant

309 1414 504 1498 Madvigius
537 1415 581 1480 ad
614 1415 682 1480 Cic.
717 1415 758 1480 de
796 1414 853 1479 fin.
881 1415 899 1477 Ι
926 1415 954 1496 6,
982 1414 1022 1479 18
1053 1437 1085 1500 p.
1118 1414 1182 1496 41³,
1215 1414 1507 1498 Naegelsbachius

213 1525 215 1528 ¹
308 1531 425 1596 stilist.
447 1554 479 1617 p.
501 1533 571 1597 523.

407 1649 627 1714 Drumannus
639 1671 738 1735 porro
754 1649 930 1714 existimat
942 1648 1141 1714 Ciceronem
1156 1649 1295 1713 finxisse
1311 1649 1348 1713 in
1360 1649 1506 1735 epistula

307 1765 351 1830 ad
372 1765 540 1832 Atticum·
560 1789 694 1832 rumore
721 1767 890 1832 adventus
917 1767 970 1832 sui
996 1766 1141 1832 Parthos
1173 1766 1363 1850 recessisse,
1396 1767 1505 1832 Cassii

307 1884 399 1948 enim
426 1883 559 1949 litteras
581 1884 740 1950 victrices
765 1882 835 1949 iam
860 1884 960 1949 nonis
983 1882 1187 1950 Octobribus
1209 1882 1246 1947 in
1273 1890 1396 1948 senatu
1421 1885 1505 1948 reci-

306 2007 396 2066 tatas
424 2023 497 2066 esse
531 2001 984 2084 (Drum.11119³⁰·120³³).
1027 2001 1077 2065 At
1103 2000 1188 2064 scite
1220 2000 1393 2065 intellexit
1420 2000 1504 2066 Hof-

307 2138 452 2183 mannus
484 2118 595 2184 verba*
613 2119 698 2183 haee
729 2119 767 2183 in
800 2118 946 2204 epistula
976 2117 1023 2182 ad
1055 2118 1127 2183 Att.
1150 2118 1183 2183 V
1204 2117 1260 2201 21,
1293 2119 1312 2180 2
1346 2125 1506 2204 corrupta

307 2257 380 2300 esse
415 2262 472 2322 quo
501 2251 600 2301 autera
628 2239 679 2302 die
708 2238 816 2302 Cassii
846 2240 967 2302 litterae
993 2241 1138 2302 ai‘atriees
1166 2242 1198 2301 ia
1227 2252 1335 2302 sertata
1356 2241 1505 2302 recitatae

305 2369 385 2434 suat,
419 2356 457 2419 id
486 2369 529 2418 est
560 2359 653 2419 rionis
674 2355 866 2436 Octobribus,
890 2357 993 2420 aedera
1019 2379 1102 2420 meae
1126 2357 1285 2420 tuinultum
1316 2358 1502 2419 nuntiantes.

308 2469 421 2546 Quid?
462 2492 577 2534 nonne
610 2477 752 2556 apparet
785 2493 803 2535 e
837 2470 946 2536 Caelii
979 2469 1125 2557 epistula
1161 2469 1205 2534 ad
1236 2469 1317 2536 fam.
1340 2470 1428 2534 VIII
1464 2472 1505 2534 10

307 2609 335 2651 a.
369 2585 401 2652 d.
436 2587 524 2652 XIV
556 2586 589 2652 k.
611 2588 692 2653 Dec.
722 2585 801 2652 data
824 2591 868 2670 (v.
903 2591 922 2668 ξ
955 2561 995 2668 3)·
1021 2609 1132 2671 neque
1169 2587 1278 2652 Cassii
1314 2586 1503 2670 victoriam,

309 2725 419 2787 neque
459 2703 547 2768 ullas
584 2703 758 2769 Ciceronis
798 2704 953 2790 publicas
1000 2704 1132 2770 litteras
1174 2703 1303 2769 delatas
1345 2725 1432 2787 esse,
1474 2704 1503 2768 si

307 2819 445 2904 quidem
471 2819 590 2885 scribit
617 2823 636 2900 ξ
660 2822 677 2884 1
712 2822 840 2886 Cassiae
873 2825 919 2887 cis
951 2823 1144 2908 Euphratem
1177 2825 1286 2908 copias
1319 2822 1502 2886 Partloriaa

307 2961 370 3002 'esse
391 2942 523 3022 scripsit
544 2937 606 3017 §2
633 2964 653 3002 a
676 2952 703 3001 te
729 2939 851 3003 litterae
876 2963 937 3002 aaa
965 2953 1119 3002 uenerant.
1165 2934 1277 3012 Quare
1310 2936 1384 3001 iure
1416 2936 1502 3000 mihi

306 3053 444 3118 uidetur
470 3052 686 3118 Hofmannus
719 3053 757 3118 in
789 3053 963 3119 Ciceronis
1000 3052 1147 3139 epistula
1179 3055 1270 3118 datae
1298 3074 1360 3138 pro
1393 3055 1431 3119 id
1459 3071 1503 3119 est

306 3171 473 3256 posuisse,
494 3192 574 3234 nam
585 3169 826 3254 Wesenbergii
847 3170 1042 3235 coniectura
1062 3175 1155 3236 acui's
1170 3172 1395 3235 Nouembribus
1416 3169 1504 3235 nihil

307 3288 410 3352 iuvat.
434 3287 496 3352 Sin
511 3287 647 3352 Cassius
662 3288 777 3374 paullo
792 3294 872 3353 ante
886 3309 966 3352 non.
979 3287 1052 3352 Oct.
1067 3287 1214 3352 Parthos
1235 3285 1366 3369 reiecit,
1384 3286 1503 3352 Cicero

307 3404 374 3470 sibi
406 3405 479 3490 ipse
511 3404 716 3492 persuadere
748 3412 896 3490 poterat,
932 3425 1067 3470 rumore
1100 3402 1267 3469 adventus
1301 3403 1355 3469 sui
1388 3403 1505 3470 Cassio

308 3520 460 3585 animum
492 3521 683 3586 accessisse.
729 3520 942 3604 Quamquam
973 3519 1062 3584 hanc
1095 3519 1162 3585 sibi
1193 3519 1339 3603 gloriam
1372 3542 1435 3586 nec
1469 3520 1506 3583 in

306 3637 455 3723 epistula
466 3638 680 3704 adCatonem
691 3637 845 3703 vindicat
855 3638 954 3703 XV4
964 3659 1028 3702 nec
1044 3637 1081 3701 in
1098 3636 1246 3722 epistula
1256 3635 1300 3700 ad
1311 3637 1446 3702 Caelll
1457 3638 1505 3701 10.

309 3805 312 3812 ⁴
406 3754 518 3819 Priori
540 3754 593 3819 illi
608 3754 801 3820 Drumanni
821 3754 929 3820 errori
942 3753 1081 3820 videtur
1103 3752 1190 3818 alter
1212 3753 1405 3837 accessisse,
1427 3775 1506 3818 cum

307 3871 503 3936 existimare
525 3871 684 3936 videatur
706 3893 748 3936 ex
770 3871 945 3937 Ciceronis
968 3870 1117 3956 epistula
1139 3869 1181 3934 ad
1203 3869 1356 3956 Appium
1375 3868 1506 3933 Romae

305 4009 479 4054 rumorem
512 3993 624 4053 ortum
657 4009 739 4071 esse,
773 3987 919 4052 Parthos
951 3986 1084 4052 Arabas
1122 4009 1194 4051 esse
1228 3985 1274 4066 (h.
1297 3984 1398 4050 ran
1421 3984 1504 4065 120).

307 4104 435 4169 Scribit
471 4103 609 4188 quidem
645 4103 764 4169 Cicero
800 4103 844 4168 ad
878 4103 1031 4190 Appium
1067 4102 1122 4166 III
1158 4102 1187 4186 8,
1229 4103 1275 4167 10·
1305 4104 1342 4168 de
1377 4102 1507 4166 Parilis

307 4225 389 4308 qaod
416 4226 552 4307 quaeris,
575 4223 687 4307 sitisse
715 4223 816 4287 callos
840 4237 927 4309 pato.
976 4223 1098 4286 Arabes
1131 4225 1188 4306 qui
1204 4220 1341 4304 ,fueruat
1365 4220 1506 4284 admixto

306 4341 453 4404 Parthico
480 4341 588 4404 oraati
611 4339 759 4403 dicantar
787 4361 890 4402 omues
916 4340 1078 4403 revertisse
1085 4363 1095 4418 ,·
1121 4338 1235 4402 lostam
1261 4362 1325 4402 esse
1351 4340 1386 4402 ia
1407 4337 1507 4424 Syria

244 4465 246 4469 ’
305 4471 417 4544 aequat
431 4456 537 4521 allam.
573 4452 709 4518 Caelius
728 4459 842 4518 autom
859 4452 946 4517 VIII
962 4452 1011 4534 10,
1025 4452 1045 4515 2
1061 4478 1080 4516 a
1095 4467 1122 4518 tc
1138 4455 1260 4519 litterae
1274 4477 1335 4518 acri
1351 4466 1506 4535 uerierunt,
