3262 4926
901 193 942 258 18

324 413 327 420 .
416 373 469 438 Ac
485 395 527 438 ne
544 374 708 439 miremur
718 373 926 459 Ciceronem,
943 398 1021 440 cum
1035 384 1234 462 properaret
1247 378 1284 443 in
1295 381 1522 468 provinciam,

315 490 447 576 Ephesi
469 489 621 556 triduum
646 491 821 577 mansisse,
843 494 952 557 multa
979 491 1012 557 ei
1034 492 1164 579 Ephesi
1186 495 1318 578 agenda
1346 495 1451 563 fuisse
1475 522 1522 566 ex

314 606 368 670 his
390 607 475 672 locis
502 609 721 695 perspicitur:
758 608 803 673 ad
834 608 952 675 AttV
979 610 1026 692 13,
1051 611 1089 674 12
1119 611 1162 675 ad
1188 610 1258 676 fam
1279 614 1373 679 XIII
1393 615 1442 699 56,
1465 617 1519 683 65.

315 724 499 789 Praeterea
520 725 667 810 legimus
688 725 727 790 in
747 726 921 812 prooemio
950 726 994 792 ad
1015 726 1193 793 Timaeum
1226 751 1298 815 cap.
1311 732 1340 824 ,1
1364 739 1398 796 et
1420 733 1518 817 Nigi-

313 839 410 905 dium
434 840 600 925 Figulum
622 842 780 908 Ciceroni
802 849 876 907 tum
897 842 1028 928 Ephesi
1049 851 1185 930 praesto
1206 845 1313 911 fuisse
1335 853 1370 912 et
1384 849 1521 936 Cratip-

313 978 396 1042 pum
418 957 598 1041 Mytilenis
620 959 796 1045 Ephesum
817 960 963 1025 venisse.

413 1098 494 1164 Jam
515 1098 580 1162 1100
601 1098 675 1163 1000
697 1121 876 1185 possumus
899 1101 1088 1196 observare,
1113 1106 1312 1170 Ciceronem
1345 1106 1382 1170 in
1414 1107 1521 1174 rebus

312 1215 492 1279 narrandis
515 1237 584 1280 non
607 1216 689 1280 satis
712 1223 868 1281 accurate
883 1224 1076 1304 temporum
1098 1221 1253 1286 ordinem
1270 1245 1413 1306 servare,
1439 1247 1521 1290 cum

311 1332 422 1397 tribus
445 1332 529 1396 locis
552 1332 682 1419 Ephesi
704 1332 968 1400 Salaminiorum
990 1336 1120 1419 legatos
1143 1337 1249 1403 fuisse
1265 1347 1434 1426 exponat:
1491 1385 1495 1391 -

412 1475 455 1540 ad
478 1475 551 1540 Ati.
574 1475 625 1539 VI
646 1475 697 1558 2,9
718 1502 788 1542 nana
819 1478 864 1542 ad
882 1502 929 1540 rae
961 1477 1118 1564 Itqilesrun
1140 1505 1234 1564 usque
1266 1497 1411 1568 uerierunt
1433 1484 1519 1567 flen-

308 1608 413 1680 tesque
429 1598 563 1680 equitum
585 1596 703 1659 seelera
725 1609 753 1659 et
784 1598 931 1658 miserias
951 1619 1025 1658 suas
1057 1595 1237 1676 detulerunt,
1271 1601 1375 1682 itaque
1406 1595 1518 1666 statiua

308 1712 388 1775 dedi
419 1712 549 1791 litterae,
572 1725 666 1775 ntea
688 1711 789 1798 Cypro
812 1715 929 1796 equites
961 1725 1031 1776 ante
1064 1726 1176 1776 certam
1209 1713 1291 1776 diem
1324 1713 1516 1784 decederent.

307 1827 364 1890 Ex
385 1826 450 1891 hoc
472 1827 547 1892 loco
569 1826 656 1891 nihil
679 1832 791 1912 potest
807 1825 965 1892 concludi
983 1825 1052 1891 nisi
1067 1826 1193 1910 statim,
1210 1826 1313 1892 idest
1328 1827 1473 1913 Ephes0,
1490 1854 1513 1895 a

307 1944 475 2032 *Cicerone
497 1943 614 2008 literas
637 1942 733 2009 datas
756 1967 838 2035 esse.
875 1943 924 2009 At
946 1943 1092 2029 legimus
1108 1943 1152 2008 ad
1166 1943 1239 2009 Att.
1254 1944 1306 2008 VI
1322 1945 1384 2028 1,6
1406 1949 1512 2030 itaque
1621 1985 1622 1990 .

308 2087 375 2150 cqc,
398 2088 456 2148 quo
479 2064 531 2128 dic
557 2066 650 2151 tetiqi
670 2066 880 2156 prouinciam,
904 2088 971 2127 cuni
999 2065 1083 2128 milti
1102 2063 1218 2150 Cyprii
1238 2064 1335 2150 leqati
1353 2063 1513 2148 Ephesum

306 2205 404 2265 usqne
430 2182 550 2244 obuiam
571 2183 734 2260 uenissent,
756 2182 770 2243 l
780 2185 879 2243 'tteras
905 2182 989 2258 misi,
1012 2193 1046 2242 ut
1067 2183 1187 2264 equites
1209 2203 1247 2242 eu
1270 2179 1375 2243 insula
1404 2183 1512 2243 statim

306 2298 498 2362 decederent.
527 2295 747 2361 Provinciam
766 2318 848 2360 sane
864 2295 983 2360 Cicero
1001 2316 1071 2358 non
1086 2293 1225 2379 Ephesi,
1244 2292 1304 2358 sed
1319 2293 1511 2359 Laodiceae

308 2412 426 2497 tetigit
456 2412 568 2500 pridie
595 2413 628 2478 k.
657 2412 750 2479 Sext.
774 2415 818 2494 (v.
842 2411 886 2476 ad
907 2401 979 2476 att.
1002 2410 1035 2476 V
1058 2411 1098 2475 15
1124 2412 1219 2492 cet.),·
1252 2433 1291 2477 eo
1318 2411 1425 2495 igitur
1453 2411 1509 2476 die
1620 2457 1621 2502 ,

308 2528 444 2595 litterae
467 2529 509 2594 de
532 2529 704 2614 equitibus
725 2527 943 2594 removendis
965 2527 1127 2592 videntur
1149 2526 1349 2611 obsignatae
1372 2550 1455 2592 esse.

408 2680 552 2746 Prorsus
574 2680 676 2746 tertio
699 2681 773 2745 loco
795 2679 914 2745 Cicero
935 2686 1127 2765 temporum
1150 2676 1305 2743 ordinem
1328 2679 1510 2775 conturbat

305 2819 350 2862 ac
372 2796 553 2862 confundit
574 2797 617 2862 ad
638 2796 711 2862 Att.
734 2797 767 2861 V
787 2798 838 2882 21,
862 2798 913 2879 10;
944 2796 1044 2862 docet
1071 2795 1164 2860 enim
1197 2794 1373 2881 Scaptium
1405 2795 1449 2859 ad
1471 2818 1508 2860 se

305 2914 346 2978 in
368 2921 478 2979 castra
499 2914 634 2980 venisse
656 2920 758 2998 atque
779 2912 870 2997 inde,
893 2935 970 2978 cum
984 2912 1112 2998 gratias
1136 2911 1272 2995 egisset,
1300 2909 1506 2979 discessisse.

304 3029 396 3094 Tum
417 3030 529 3096 addit:
553 3034 682 3120 Appius
702 3046 806 3097 noster
827 3045 944 3095 turmas
969 3031 1089 3114 aliquot
1115 3032 1250 3113 equiturn
1282 3029 1409 3094 dederat
1434 3030 1506 3093 liuic

304 3149 446 3234 Scaptio.
459 3197 466 3212 .
481 3198 508 3212 ..
533 3149 602 3236 qu
624 3152 741 3234 equites
772 3172 811 3212 en
833 3147 935 3234 Cypro
968 3147 1113 3212 decedere
1150 3149 1246 3209 iussi:
1277 3147 1399 3210 moleste
1434 3144 1506 3207 tul't

304 3265 464 3350 Scaptius.
508 3263 562 3327 Ex
583 3261 648 3327 1110
669 3261 882 3328 narrratione
909 3261 1050 3327 minime
1079 3260 1273 3328 efficeretur
1295 3260 1504 3344 Ciceronem,

304 3401 387 3444 cum
408 3378 622 3466 provinciam
643 3377 889 3462 ingrederetur,
913 3376 1045 3441 litteras
1067 3353 1144 3440 illas
1167 3375 1311 3443 dedisse.

406 3529 448 3596 A.
472 3531 503 3594 d.
526 3529 596 3593 VII
616 3529 649 3594 k.
674 3528 765 3594 Sext.
788 3529 986 3593 Ciceronem
1015 3527 1152 3626 Epheso
1185 3485 1381 3594 discessisse
1404 3549 1505 3614 supra

303 3646 628 3729 demonstravimus3
650 3644 767 3711 confer
785 3645 829 3710 ad
843 3645 915 3711 Att.
931 3645 963 3710 V
979 3646 1026 3728 14,
1044 3647 1061 3711 1
1078 3648 1221 3712 dederam
1241 3648 1364 3733 Epheso
1376 3649 1502 3734 pridie,

303 3766 363 3829 lias
385 3767 462 3830 dedi
479 3767 650 3844 Trallibus;
672 3762 715 3828 ad
734 3762 814 3828 fam.
829 3763 885 3827 III
898 3763 959 3847 5,1
979 3765 1099 3829 llalles
1113 3769 1186 3829 ueni
1205 3791 1233 3828 a.
1248 3765 1279 3828 d.
1302 3765 1351 3828 VI
1365 3766 1395 3828 t.
1417 3767 1502 3830 Sent.

303 3881 338 3944 V
361 3881 400 3946 13
422 3881 528 3964 igitur
550 3903 578 3945 a.
602 3880 633 3946 d.
657 3881 726 3945 VII
747 3879 780 3946 k.
797 3880 888 3946 Sext.
912 3879 993 3945 data
1013 3888 1073 3964 est,
1096 3887 1176 3945 ante
1198 3881 1308 3945 lucem
1327 3879 1503 3964 videlicet,

302 3998 471 4084 scriptum
493 3998 586 4063 enim
608 4005 661 4064 est
682 3998 730 4082 13,
754 3999 770 4063 1
787 4003 978 4087 praesertim
1000 4025 1067 4064 cnm
1089 4002 1215 4063 cenanti
1240 4000 1322 4064 milti
1349 4003 1506 4065 nuntiarit

302 4117 364 4195 (M.
386 4116 555 4182 nuntiaret)
576 4118 696 4182 Cestius
717 4142 750 4182 se
783 4118 824 4202 de
847 4131 932 4182 nocte
948 4118 1122 4204 proficisci.
1172 4115 1224 4180 De
1257 4125 1356 4184 nocte
1389 4125 1504 4181 autem

302 4231 500 4315 significare
522 4237 622 4297 nocte
643 4231 796 4296 nondum
818 4232 981 4297 exhausta
1015 4252 1057 4295 ex
1088 4230 1142 4295 his
1170 4231 1386 4317 potissimum
1418 4233 1503 4299 locis
1618 4267 1619 4277 ¹

301 4348 530 4432 intellegitur.
552 4347 734 4414 Suetonius
742 4349 846 4437 Vesp.
862 4372 890 4414 0.
905 4350 944 4413 21
961 4353 995 4414 in
1007 4351 1193 4436 principatu
1212 4356 1364 4416 rnaturius
1382 4376 1505 4435 semper

301 4491 344 4532 ac
373 4464 415 4531 de
440 4474 541 4532 nocte
574 4471 752 4557 evi'qilatat.
786 4466 973 4532 Frontinus
996 4465 1143 4550 Strateg.
1166 4465 1216 4530 IV
1237 4465 1309 4548 a?
1342 4469 1507 4532 Hannibal
