3262 4926
544 1135 859 1244 (3111111
906 1139 939 1241 1.

233 1428 282 1492 In
305 1423 481 1490 Ciceronis
504 1423 669 1509 epistulas
699 1422 905 1486 enarrandas
932 1446 1136 1508 quamquam
1158 1423 1225 1488 viri
1247 1425 1340 1492 docti

126 1547 312 1629 insignem
334 1539 580 1626 impenderunt
602 1541 778 1624 operam¹)‚
800 1546 918 1603 tamen
940 1540 981 1604 de
1003 1547 1197 1626 temporum
1219 1541 1339 1606 ordine

130 1661 224 1726 haud
252 1660 326 1724 scio
354 1681 399 1722 an
424 1679 495 1721 non
524 1655 608 1720 satis
636 1663 792 1719 accurate
821 1655 1033 1741 disputatum
1060 1658 1115 1722 sit.
1158 1658 1234 1742 Age
1256 1681 1338 1724 vero

135 1779 322 1844 afferamus
353 1774 557 1859 exemplum,
581 1795 598 1836 e
622 1794 688 1856 quo
713 1773 941 1857 perspiciatur
966 1797 1029 1838 nec
1052 1774 1094 1838 ab
1122 1776 1215 1840 omni
1241 1783 1338 1862 parte

39 1880 43 1899 ¹
131 1896 219 1960 huic
247 1890 443 1976 quaestioni
468 1887 685 1954 satisfactum
715 1911 788 1953 esse
815 1897 850 1953 ct
873 1913 891 1954 e
913 1889 1028 1954 ieiuna
1055 1891 1117 1955 illa
1145 1899 1340 1979 temporum

38 1944 43 2077 l
134 2009 327 2074 notatione
348 2005 534 2070 uberrimos
555 2003 686 2068 fructus
708 2005 839 2090 percipi
861 2028 968 2092 posse.

245 2121 387 2187 Hirtius
413 2128 525 2185 narrat
555 2120 611 2202 (de
638 2120 730 2186 bello
764 2121 896 2187 Gallico
919 2123 1007 2187 VIII
1028 2125 1082 2204 50)
1115 2123 1234 2191 Servio
1266 2127 1340 2192 Sul-

138 2243 239 2330 picia,
256 2241 376 2324 legato
388 2238 550 2322 Caesaris,
566 2259 595 2301 a.
611 2238 673 2302 704
688 2239 901 2303 consulatum
917 2248 1071 2325 ereptum
1087 2264 1169 2326 esse,
1185 2244 1339 2309 Caesaris

141 2357 364 2442 adversarios²
397 2357 437 2420 L.
460 2355 649 2419 Lentulum
682 2355 767 2418 Crus
800 2361 834 2418 et
867 2356 902 2419 C.
925 2356 1107 2422 Claudium
1128 2360 1339 2445 Marcellum,

150 2476 301 2540 consules
322 2481 464 2539 creatos,
509 2472 638 2558 Operae
665 2478 778 2535 autem
805 2472 953 2556 pretium
980 2474 1065 2537 mihi
1096 2475 1234 2540 videtur
1266 2501 1339 2543 esse

150 2613 315 2676 quaerere,
339 2593 432 2656 alter
453 2589 608 2654 Caesaris
638 2587 838 2652 candidatus
868 2590 943 2672 quis
970 2590 1083 2656 fuerit.
1128 2592 1179 2656 Ac
1206 2603 1341 2679 practer

143 2708 330 2794 Sulpicium
339 2707 418 2792 quis
431 2706 491 2770 illo
502 2727 591 2769 anno
602 2704 774 2789 repulsam
784 2705 912 2789 tulerit,
920 2727 1124 2790 quamquam
1135 2709 1340 2776 necHirtius

142 2826 248 2890 tradit
280 2847 347 2890 nec
381 2823 469 2887 alius
501 2829 628 2906 auctor,
658 2844 676 2885 e
702 2822 877 2887 Ciceronis
910 2830 1026 2887 tamen
1059 2825 1216 2910 epistulis
1249 2827 1340 2893 haud

141 2943 286 3008 infirmis
309 2940 524 3025 argumentis
547 2939 664 3023 colligi
689 2947 812 3024 potest,
839 2940 884 3004 M.
908 2939 1079 3005 Calidium
1105 2943 1212 3027 illum,
1241 2967 1342 3028 quem

244 3195 262 3258 ¹)
280 3191 359 3246 Vide
376 3185 514 3243 Teuffelii
531 3187 599 3240 hist.
617 3187 674 3240 litt.
689 3187 766 3240 Lat.³
784 3205 811 3258 p.
824 3191 881 3242 305.
898 3192 945 3242 331
964 3206 1025 3258 sqq.
1044 3195 1074 3244 et
1091 3191 1244 3246 Huebneri
1262 3210 1340 3246 com-

32 3262 37 3281 '
142 3275 284 3344 pendium
300 3273 371 3327 hist.
389 3272 445 3348 litt.
463 3271 540 3324 Lat!
557 3289 585 3341 p.
602 3273 643 3324 58.
660 3273 691 3324 91
711 3288 772 3340 sqq.
1020 3325 1036 3337 ἢ

250 3355 307 3421 Qui
327 3374 362 3410 ex
387 3354 520 3410 fontibus
546 3352 619 3424 ipsis
644 3353 763 3408 haurire
789 3355 888 3423 malet,
916 3373 1003 3424 quam
1029 3357 1141 3412 rivulos
1168 3360 1340 3428 consectari,

141 3437 277 3494 Manutii
294 3438 477 3507 potissimum
495 3434 740 3490 commentarium
757 3455 792 3492 ac
807 3438 973 3493 Drumanni
990 3439 1152 3508 historiam,
1171 3458 1245 3510 quae
1264 3460 1342 3496 com·

142 3521 286 3578 montorii
304 3520 394 3576 instar
412 3527 466 3588 ost,
485 3519 585 3574 adibit.
620 3518 665 3574 De
682 3520 896 3575 recentioribus
913 3521 1057 3592 imprimis
1074 3523 1216 3576 laudandi
1233 3531 1315 3579 sunt:

34 3636 38 3653 ι
243 3605 273 3661 J.
292 3604 322 3659 C.
338 3605 370 3659 G.
387 3603 520 3672 Bootius‚
539 3603 578 3657 M.
590 3601 620 3655 Τ.
634 3602 664 3656 0.
683 3601 877 3673 epistularum
894 3605 932 3658 ad
947 3604 980 3657 Τ.
996 3605 1192 3675 Pomponium
1207 3607 1343 3662 Atticum

33 3678 36 3693 ¹
144 3690 211 3744 libri
227 3689 303 3744 XVI
320 3687 471 3744 recensuit
488 3692 517 3742 et
535 3684 725 3742 adnotatione
743 3686 912 3744 illustravit.
946 3688 1170 3745 (Amstelodami
1190 3694 1271 3756 1865.)

242 3775 292 3828 Fr.
309 3773 508 3837 Hofmannua
527 3769 671 3840 epistulae
690 3769 825 3824 selectae.
855 3771 965 3837 (Berol.
985 3775 1056 3825 1880.
1090 3773 1193 3833 Mol.)

242 3858 288 3912 De
311 3863 480 3926 temporum
505 3853 607 3907 ordine
635 3852 823 3924 disputarunt
845 3854 876 3908 C.
898 3854 932 3908 G.
954 3854 1130 3910 Schuetzius
1156 3857 1187 3910 in
1214 3857 1343 3914 editione

144 3942 341 4012 epistularum
359 3939 437 4007 (Hal.
456 3942 530 3993 1800.
554 3936 664 4004 6101),
689 3936 851 3992 Grubems:
875 3937 1016 4003 Quaestio
1039 3939 1074 3993 de
1096 3945 1228 4010 temporo
1254 3947 1343 4011 atque

36 4016 45 4081 Γ
144 4027 216 4080 serie
235 4023 441 4096 Epistolarum
459 4020 617 4078 Ciceronis.
652 4020 789 4085 (Sundiae
809 4024 881 4075 1836.
897 4024 934 4084 4).
968 4021 1119 4076 Bardtius:
1148 4023 1345 4090 Quaestiones

37 4160 40 4169 ,
143 4107 304 4162 Tullianae
328 4106 583 4172 (Berol.1eee.e);
612 4122 669 4174 qua
693 4103 899 4158 dissertatione
926 4105 1091 4175 exponitur,
1119 4123 1175 4175 quo
1202 4106 1342 4176 temporis

37 4188 43 4261 ζ
144 4192 240 4262 spatio
258 4188 378 4244 litterae
397 4189 512 4243 delatae
531 4188 599 4241 sint.

245 4274 291 4328 De
310 4272 412 4328 ordine
431 4271 624 4344 epistularum
640 4268 711 4322 anni
723 4272 800 4333 70314
812 4269 874 4339 egit
885 4271 933 4323 Fr.
944 4270 1133 4325 Hofmannus
1152 4272 1183 4326 in
1194 4271 1344 4342 Philologi

142 4358 297 4413 volumine
320 4356 423 4426 quinto
446 4355 559 4410 decimo
582 4372 610 4425 p.
628 4356 759 4408 oea-677
778 4358 807 4406 et
824 4352 856 4406 in
873 4353 948 4407 libro
967 4355 1002 4408 de
1023 4353 1136 4424 origine
1157 4355 1228 4410 belli
1246 4354 1345 4409 civilis

143 4441 254 4508 (Berol.
274 4445 348 4495 1857.
363 4443 398 4506 8).

1164 4543 1176 4591 l
