3262 4926
551 691 903 848 inesse.

155 1092 183 1156 1.
213 1090 354 1156 Servius
376 1088 547 1175 Sulpicius
566 1088 678 1153 Rufus
700 1088 879 1155 biennium
899 1090 1036 1156 videtur
1057 1089 1208 1157 Achaiae
1230 1114 1326 1178 prae·

213 1205 330 1272 fuisse.
519 1290 521 1294 Α

150 1326 182 1390 2.
215 1322 399 1408 Pompeius
427 1327 462 1386 et
488 1321 607 1386 Cicero
639 1344 750 1406 neque
783 1323 903 1388 eodem
931 1323 986 1389 die
1015 1346 1044 1392 a.
1072 1325 1134 1389 705
1165 1325 1207 1390 ab
1240 1323 1326 1390 urbe

212 1438 358 1526 profecti
380 1444 461 1502 sunt
480 1459 545 1502 nec
565 1444 643 1523 post
665 1438 851 1505 discessum
872 1441 964 1506 inter
985 1461 1021 1506 se
1044 1441 1212 1508 collocuti.

150 1559 181 1623 3.
214 1556 372 1642 Epistula
398 1554 689 1620 adAtt.VlI12
715 1578 785 1638 non
809 1562 973 1644 potesta.
996 1558 1027 1623 d.
1052 1559 1139 1624 VIII
1164 1558 1197 1623 k.
1224 1556 1325 1626 Febr.

214 1673 294 1738 data
316 1695 397 1757 esse,
421 1672 482 1736 sed
504 1678 562 1736 aut
584 1694 612 1736 a.
636 1672 667 1737 d.
684 1672 721 1735 X
741 1671 774 1739 k.
797 1679 856 1738 aut
876 1696 905 1739 a.
929 1673 960 1739 d.
984 1675 1039 1739 IX
1060 1674 1092 1739 k.
1116 1674 1243 1760 scripta
1264 1679 1325 1741 est.
1387 1685 1391 1692 ’

151 1792 181 1856 4.
212 1791 292 1856 Non
304 1789 397 1855 idem
413 1787 512 1854 Seius
527 1788 741 1872 intellegitur
755 1788 799 1854 ad
809 1788 881 1854 Att.
893 1790 967 1854 XII
979 1791 1017 1855 11
1034 1797 1069 1855 et
1083 1790 1128 1856 ad
1138 1790 1218 1858 fam.
1230 1791 1286 1856 IX
1296 1790 1325 1856 7.

154 1908 183 1974 5.
216 1907 312 1983 Quae
335 1905 377 1970 de
399 1906 577 1971 Ooriolano
599 1913 789 1986 narrantur,
811 1929 948 1993 prorsus
970 1907 1050 1972 ficta
1072 1914 1160 1974 sunt.

151 2026 184 2089 6.
218 2022 330 2088 Gallia
351 2021 523 2108 Cisalpina
543 2022 681 2086 videtur
703 2022 816 2089 Sullae
836 2024 1048 2110 temporibus
1070 2024 1108 2088 in
1127 2023 1323 2110 provinciae

216 2139 359 2205 formam
379 2139 517 2204 redacta
538 2161 620 2204 esse.
905 2219 909 2226 ι

154 2258 183 2324 7.
217 2257 327 2322 Certis
349 2256 558 2338 argumentis
582 2255 809 2321 demonstrari
829 2279 899 2322 non
920 2263 1041 2343 potest,
1060 2256 1232 2343 Propertii
1253 2279 1324 2322 car·

213 2374 307 2438 mina
328 2395 398 2438 non
419 2373 554 2455 integra
575 2373 674 2438 nobis
696 2381 831 2438 servata
852 2397 935 2440 esse.

154 2490 184 2554 8.
217 2489 403 2575 Perperam
442 2489 643 2554 Montorsoli
677 2489 850 2575 Apollinis
885 2491 1047 2556 Vaticani
1087 2497 1235 2556 statuam
1274 2490 1324 2556 ita

211 2606 372 2690 restituit,
395 2612 433 2670 ut
454 2628 552 2671 arcus
573 2611 706 2691 partem
727 2613 992 2672 manuteneret.

149 2725 180 2788 9.
214 2723 252 2788 ln
273 2722 428 2786 dialectis
454 2722 592 2806 linguae
615 2721 765 2787 Graecae
791 2721 1013 2808 disponendis
1034 2729 1168 2790 veteres
1192 2724 1324 2790 ratione

211 2839 307 2904 nulla
327 2839 382 2903 usi
402 2845 490 2904 sunt.

131 2957 182 3021 10.
214 2955 342 3020 Parum
364 2955 466 3020 certis
489 2956 699 3039 argumentis
714 2954 771 3020 Fr.
787 2954 876 3042 Aug.
891 2955 1037 3022 Wolfius
1057 2956 1227 3022 stabilivit
1249 2979 1325 3022 sen-

214 3073 360 3137 tentiam
371 3094 475 3154 suam,
487 3049 596 3136 artem
611 3071 784 3137 scribendi
797 3073 951 3157 ignotam
965 3072 1080 3158 fuisse,
1093 3096 1170 3138 oum
1181 3072 1325 3139 Homeri

222 3189 367 3253 carmina
389 3175 627 3254 conderentur*

129 3305 183 3370 ll.
216 3303 333 3370 Ganon
353 3304 582 3370 Porsonianus
604 3304 728 3369 multas
751 3305 967 3393 exceptiones
989 3304 1105 3372 habet.

125 3421 180 3488 12.
214 3421 313 3486 Plato
333 3420 595 3504 haudquaquam
621 3420 659 3484 in
689 3420 787 3486 libris
810 3421 853 3487 de
878 3445 915 3487 re
943 3422 1083 3510 publica
1110 3423 1215 3488 talem
1241 3422 1324 3487 civi-

211 3543 317 3602 tatem
355 3537 501 3603 condere
539 3536 663 3621 voluit,
702 3537 810 3622 qualis
843 3545 958 3604 mente
994 3545 1130 3605 tantum
1166 3545 1201 3604 et
1232 3537 1324 3622 cogi-

209 3654 339 3720 tatione
361 3653 448 3739 fingi
469 3658 592 3742 posset.

562 3964 888 3988 —-·—·-¹00-——
