3262 4926
729 173 770 236 45

137 360 363 440 eoespiruraat.
396 356 510 440 Atque
532 363 677 442 possunt
696 355 740 421 ad
762 356 918 420 morbum
939 354 1069 439 referri,
1094 378 1179 439 quae
1200 357 1346 441 legimus

138 472 184 535 in
209 495 262 557 ep.
279 471 322 536 ad
337 472 501 557 Atticum,
523 473 727 558 praesertim
748 493 825 536 cum
847 470 1067 536 excruciandi
1081 471 1225 536 verbum
1247 495 1347 560 saepe

140 589 378 673 coniungatur
400 611 477 654 cum
499 588 650 672 angendi
665 588 806 655 notione
828 596 929 673 atque
944 587 987 653 ad
1002 588 1159 654 morbum
1174 589 1347 674 pertineat

141 704 207 786 (cf.
231 705 275 768 ad
297 705 376 769 fam.
399 705 486 770 XIV
503 707 565 786 19).
603 707 724 771 Ρο1661
745 705 852 790 igitur
874 712 909 770 et
931 727 982 791 ep.
1006 705 1050 770 ad
1065 705 1154 770 Cael.
1179 713 1213 771 61
1236 729 1287 792 ep.
1303 707 1347 770 ad

142 821 222 886 Att.
251 822 331 912 data
357 845 431 887 esse
452 823 651 909 priusquam
673 822 791 888 Cicero
813 821 974 887 Rhodum
1004 822 1112 906 venit,
1143 822 1203 887 sed
1231 829 1347 888 tamen
1447 905 1450 916 Ι

142 961 261 1023 neque
284 944 376 1004 certa
396 939 514 1004 attulit
535 946 736 1023 argumenta
751 939 969 1004 Drumannus
992 929 1159 1025 epistulas'
1178 939 1255 1004 illas
1277 961 1346 1004 non

143 1079 250 1143 posse
271 1056 388 1121 Rhodi
417 1057 512 1122 datas
540 1079 627 1141 esse,
656 1064 690 1122 et
716 1056 818 1121 fateri
844 1056 1016 1140 debemus,
1044 1064 1086 1140 et,
1114 1057 1172 1140 qui
1198 1056 1347 1121 animam
1464 1113 1465 1117 ,

91 1167 96 1174 ’
145 1180 240 1258 agat,
277 1173 315 1237 in
350 1174 491 1238 mortuis
526 1173 712 1254 numerari,
743 1179 778 1237 et
813 1173 849 1237 in
884 1195 935 1258 ep.
965 1173 1009 1237 ad
1037 1173 1109 1238 Att.
1140 1173 1183 1237 ad
1217 1174 1348 1240 obitum

144 1289 329 1354 Hortensii
356 1290 481 1376 respici
507 1313 615 1377 posse.
660 1292 772 1368 Quare
798 1291 836 1354 in
861 1290 965 1356 dubio
995 1290 1259 1374 relinquendum
1286 1298 1345 1375 est,

145 1414 266 1470 utrum
280 1407 402 1472 Rhodo
425 1430 469 1471 an
490 1414 591 1472 antea
613 1408 759 1493 epistula
781 1407 825 1472 ad
847 1407 938 1473 Cael.
961 1408 998 1471 Π
1021 1409 1060 1472 15
1082 1415 1116 1474 61
1139 1431 1190 1494 ep.
1214 1408 1257 1473 ad
1271 1409 1344 1473 Att.

146 1524 236 1588 Vlss
259 1523 358 1589 datae
380 1525 457 1590 sint.
496 1524 589 1601 Quin
612 1525 715 1590 etiam
736 1524 872 1590 facilius
894 1524 1053 1609 adducor,
1075 1533 1115 1589 ut
1137 1548 1188 1612 ep.
1212 1525 1255 1590 ad
1270 1525 1346 1591 Att.

144 1640 272 1705 Rhodo
295 1640 398 1705 missa
420 1641 475 1705 sit.
519 1641 608 1706 Nam
630 1663 707 1705 cum
729 1641 847 1708 Cicero
875 1641 1066 1706 instituerit
1092 1642 1134 1706 ad
1157 1641 1268 1706 Attici
1290 1643 1345 1709 lit-

145 1766 240 1822 teras
262 1756 411 1822 Athenis
444 1757 541 1822 datas
574 1756 780 1842 respondere
803 1756 845 1822 de
871 1756 1065 1841 largitione,
1094 1757 1137 1822 (16
1158 1758 1346 1823 Academia

145 1876 176 1959 6,
201 1876 218 1939 1
241 1876 270 1958 2,
294 1875 398 1939 etiam
420 1897 468 1959 66,
495 1897 579 1959 quae
602 1875 676 1939 sine
695 1875 849 1939 transitu
871 1873 913 1940 de
935 1875 1132 1940 Hortensio
1147 1882 1345 1958 sequuntur,

146 1991 192 2056 ad
206 1990 318 2056 Attici
339 1991 471 2056 litteras
493 1990 635 2055 rescribi
657 1990 828 2056 videntur.
864 1990 1080 2074 Nequevero
1103 1989 1268 2055 credibile
1284 1998 1344 2074 est,

146 2115 183 2173 61
204 2109 316 2174 Roma
338 2108 492 2173 (laelium
520 2115 555 2172 et
585 2107 732 2172 Athenis
759 2107 916 2171 Atticum
945 2106 987 2171 de
1020 2107 1137 2173 morbo
1166 2101 1346 2172 Hortensii

146 2226 335 2311 scripsisse,
364 2225 523 2309 quoniam
553 2247 622 2290 non
648 2225 751 2308 longo
779 2223 898 2288 morbo
925 2223 1129 2288 Hortensius
1155 2224 1344 2308 implicitus

145 2349 230 2427 6161,
255 2342 315 2406 sed
336 2341 514 2427 perpaucis
538 2340 658 2406 diebus
684 2347 865 2426 postquam
886 2323 1038 2426 Appium
1066 2340 1230 2424 defendit,
1257 2363 1345 2406 mor-

144 2466 226 2523 tuus
250 2465 302 2522 est
323 2459 430 2539 (Brut.
453 2458 523 2522 230.
546 2457 634 2538 324).
671 2455 771 2520 Adde
800 2455 890 2540 quod
922 2456 1084 2521 scribitur
1104 2457 1155 2521 VI
1177 2457 1238 2521 63
1275 2486 1346 2522 6661

146 2602 226 2661 quaa
252 2578 345 2640 multo
376 2591 445 2640 6616
477 2591 547 2639 taos
580 2599 759 2660 acceperam
792 2575 921 2654 litteras,
955 2577 990 2638 ia
1023 2577 1135 2658 661166
1167 2576 1294 2656 ἐπέχειν
1319 2590 1346 2640 16

144 2696 331 2778 scripseras,
355 2693 434 2778 quid
454 2706 529 2756 66661
550 2693 634 2756 milri
642 2681 833 2775 faciendum
855 2691 892 2755 dc
914 2692 1125 2775 relinquendo.
1162 2691 1233 2755 Eae
1254 2691 1346 2756 enim

145 2808 221 2873 Att.
247 2807 385 2873 litterae
413 2807 600 2892 rescriptae
625 2805 786 2871 videntur
813 2828 886 2871 esse
911 2806 967 2871 ad'
981 2806 1155 2872 Ciceronis
1179 2829 1230 2893 ep.
1243 2808 1294 2871 VI
1314 2809 1346 2892 3,
1417 2844 1420 2852 ·

146 2948 215 3010 qua
237 2925 356 2991 Cicero
378 2923 477 2990 docet
499 2947 534 2988 66
558 2923 724 3000 Quintum
745 2907 888 2988 fratrem
909 2923 1110 2988 relicturum
1129 2945 1210 2989 esse.
1246 2924 1345 3001 Quod

146 3043 268 3108 016616
290 3057 491 3126 responsum
513 3040 556 3104 ad
582 3040 716 3104 litteras
746 3061 863 3104 mense
890 3039 981 3104 Maio
1008 3039 1104 3104 datas
1131 3041 1239 3106 multo
1266 3049 1345 3106 ante

149 3158 291 3244 accepit,
318 3157 524 3242 suffragatur
550 3157 752 3240 sententiae,
781 3178 832 3242 ep.
855 3156 906 3220 VI
928 3156 948 3220 6
975 3155 1087 3222 medio
1114 3157 1170 3221 vel
1200 3165 1345 3223 exeunte

149 3274 284 3357 Sextili,
317 3274 354 3338 id
380 3281 431 3338 est
453 3273 584 3358 Rhodo,
612 3272 726 3337 datam
759 3294 841 3337 esse.
886 3272 985 3336 Hanc
1017 3273 1200 3358 epistulam
1227 3274 1346 3339 Attico

149 3415 179 3457 a.
195 3391 228 3470 d,
243 3391 317 3455 ΧΠ
331 3391 363 3456 k.
380 3391 452 3456 Oct.
475 3391 627 3457 nondum
648 3390 820 3477 redditam
842 3412 924 3474 esse,
943 3390 1091 3474 legimus
1107 3391 1150 3455 ad
1164 3391 1238 3456 Att.
1250 3391 1301 3456 VI
1315 3393 1344 3456 9.

250 3508 325 3572 lam
357 3529 376 3571 a
402 3507 524 3572 Rhodo
555 3507 613 3572 via
644 3506 798 3571 terrestri
825 3505 943 3571 (licere
973 3506 1179 3573 Laodiceam
1211 3508 1348 3574 videtur

149 3625 376 3690 contendisse.
406 3625 524 3690 Mense
540 3623 838 3702 QuinctiliOicero
861 3629 896 3688 et
917 3622 960 3687 ad
983 3623 1044 3689 On.
1065 3624 1266 3691 Sallustium
1289 3625 1346 3710 (ad
1430 3707 1434 3716 ι

148 3742 230 3807 fam.
263 3743 300 3805 Π
333 3742 384 3819 17)
419 3747 453 3806 61
486 3740 529 3805 ad
562 3740 635 3806 Att.
669 3739 719 3805 VI
752 3740 771 3803 7
805 3740 1000 3826 scripserat,
1040 3763 1076 3806 se
1104 3741 1278 3827 Apameae
1312 3750 1346 3808 et

148 3857 340 3922 Laodiceae
362 3859 511 3923 rationes
534 3857 703 3944 deponere
725 3857 824 3922 velle.
862 3856 931 3922 Sed
953 3858 1113 3940 quoniam
1128 3859 1247 3925 Cicero
1268 3882 1297 3924 a.
1313 3859 1344 3924 d.

150 3975 238 4040 XVI
253 3974 284 4040 k.
302 3975 397 4040 Sext
432 3975 529 4040 Tarsi
552 3982 624 4040 erat
641 3974 701 4058 ¹(ad
720 3975 799 4040 fam.
816 3975 852 4037 Π
869 3975 916 4056 17,
933 3975 974 4059 1),
989 3997 1017 4039 a.
1034 3974 1137 4039 (1.ΙΠ
1159 3997 1237 4040 non.
1254 3975 1345 4040 Sext.

150 4093 196 4160 ad
218 4092 335 4158 Sidam
356 4093 436 4157 navi
459 4093 602 4158 accessit
624 4091 681 4174 (ad
701 4091 973 4174 16111.ΙΠ12,4),
996 4091 1128 4156 interea
1146 4091 1346 4157 Ciceronem

150 4209 341 4274 Laodiceae
357 4215 392 4272 et
406 4209 580 4295 Apameae
594 4207 701 4273 fuisse
717 4207 904 4294 spatiorum
918 4208 1006 4272 ratio
1022 4207 1108 4272 mihi
1126 4229 1196 4272 non
1210 4191 1353 4272 videtur

150 4327 232 4410 pati.
266 4326 384 4392 Cicero
399 4349 427 4391 a.
444 4327 505 4390 704
519 4325 624 4390 Tarso
643 4325 815 4411 profectus
836 4325 936 4391 nonis
951 4325 976 4390 J
977 4325 1126 4390 anuariis
1141 4323 1346 4390 Laodiceam

151 4463 180 4506 a.
203 4441 234 4507 d.
257 4443 312 4513 III
333 4442 379 4507 id.
401 4443 502 4508 Febr.
525 4441 621 4508 venit
643 4442 700 4523 (ad
721 4442 793 4507 Att.
816 4442 868 4508 VI
888 4443 938 4525 21,
962 4442 980 4506 7
1003 4442 1035 4507 V
1049 4443 1098 4527 21,
1113 4442 1153 4526 4),
1176 4440 1346 4506 Laodicea
