3262 4926
731 186 772 251 15

248 382 326 445 Iam
346 397 437 459 vero,
459 381 498 439 ut
517 378 609 438 recte
632 369 674 435 de
697 369 864 456 epistulis,
892 389 978 453 quae
1003 373 1199 451 sequuntur,
1226 363 1353 430 iudice-

147 521 236 581 muS,
258 495 437 561 videamus
458 511 596 556 necesse
620 494 680 570 est,
698 507 764 570 qua
787 485 919 560 ratione
935 483 1063 567 Cicera,
1087 489 1169 567 quot
1192 503 1258 567 quo
1280 482 1354 548 loco

147 618 379 683 commoratus
401 609 447 673 sit
468 607 550 690 dies,
573 610 742 671 numeret.

256 726 456 794 Excluditur
475 731 510 790 et
529 722 699 788 adventus
723 719 854 785 disset
875 718 1044 784 discessus
1060 718 1105 783 ad
1125 717 1205 783 fam.
1221 717 1320 800 1115,
1335 717 1356 781 5

157 850 292 914 triduum
318 846 400 910 iliad
424 844 508 929 quod
539 866 593 928 epo
617 840 741 926 Ephesi
772 851 972 902 commoratus
1004 861 1080 900 serm.
1125 833 1231 899 Venit
1264 835 1357 899 enim

154 964 272 1032 Cicero
293 960 471 1048 Ephesum
492 980 522 1022 a.
546 956 578 1021 d.
600 955 656 1020 XI
681 953 714 1018 k.
737 953 827 1018 Sext.
855 951 915 1035 (ad
937 950 1009 1017 Att.
1037 950 1356 1037 V13);pr0feou1s
1451 1048 1454 1056 Ι

153 1088 267 1147 autem
295 1085 348 1144 est
369 1099 399 1142 a.
423 1076 456 1141 d.
478 1073 549 1140 VII
570 1072 604 1138 k.
627 1071 727 1154 Sext,
753 1091 833 1134 nam
859 1068 980 1133 scribit
1011 1067 1055 1133 ad
1083 1067 1157 1132 Att.
1182 1067 1215 1131 V
1238 1067 1278 1131 14
1308 1071 1357 1134 de-

152 1201 260 1264 deram
282 1197 409 1284 Epheso
428 1193 553 1280 pridie,
582 1191 637 1254 tas
665 1189 742 1253 dedi
764 1189 934 1268 Trallibus,
965 1183 1009 1249 ad
1030 1184 1184 1271 Appium
1211 1185 1266 1249 III
1286 1186 1315 1269 5,
1339 1185 1357 1249 1

158 1318 278 1381 Trallis
300 1316 376 1378 veni
396 1339 425 1375 a.
449 1311 477 1374 d.
507 1310 555 1373 VI
567 1309 595 1372 le.
618 1307 703 1372 Sext.

258 1425 464 1494 Excluditur
495 1423 566 1488 dies
598 1422 766 1487 adventus
799 1419 844 1485 ad
872 1418 946 1484 Att.
979 1418 1067 1483 VIII
1096 1420 1144 1500 11,
1177 1419 1208 1482 B
1236 1419 1256 1483 2
1289 1423 1362 1484 ceni

155 1549 304 1634 Capuam
319 1545 373 1608 'ad
397 1567 493 1607 nonas
514 1541 721 1618 Februarium
754 1563 820 1602 cum
834 1536 975 1620 fuissem
1005 1539 1153 1618 nidnmn,
1188 1539 1294 1623 recepi
1314 1562 1360 1601 me

161 1665 316 1728 Formias.
359 1655 484 1723 Confer
515 1654 559 1720 ad
585 1654 660 1720 An.
692 1653 762 1717 VH
788 1653 838 1736 21,
873 1654 890 1717 l
921 1658 995 1718 aeni
1018 1653 1157 1740 Capuam
1190 1656 1234 1719 ad
1263 1679 1361 1719 narras

161 1781 249 1844 Febr.
271 1815 313 1822 —
334 1778 412 1840 alter
434 1777 542 1839 consul
563 1776 688 1837 ommno
710 1796 772 1836 non
793 1784 918 1836 venerat
946 1771 1013 1834 VII
1032 1771 1117 1850 idns;
1144 1795 1178 1835 eo
1201 1775 1282 1836 enirn
1309 1772 1361 1835 die

158 1921 211 1984 epo
227 1896 337 1981 Capua
358 1895 505 1969 discessi;
527 1888 572 1953 ad
586 1887 658 1953 Aa.
673 1888 744 1952 VH
758 1888 808 1971 20,
831 1889 848 1951 l
872 1888 1010 1973 Capuam
1033 1891 1106 1952 ceni
1118 1889 1232 1973 pridie
1253 1914 1360 1953 narras.

159 2011 244 2076 Sine
278 2008 382 2074 dubio
403 2007 524 2073 Cicero
549 2005 637 2090 quod
669 2004 781 2091 pridie
813 2026 920 2069 nonas
949 2026 1070 2069 occasu
1103 2004 1184 2069 solis
1211 2005 1362 2090 Capuam

159 2126 266 2210 venit,
289 2125 366 2190 aliis
387 2123 473 2190 locis
495 2145 531 2188 se
554 2125 597 2188 ad
615 2148 714 2188 nonas
735 2120 945 2186 Februarias
965 2121 1101 2186 venisse
1124 2128 1249 2186 narrat.

259 2243 335 2307 Hoc
351 2263 484 2326 quoque
506 2240 580 2305 loco
602 2239 676 2306 dies
692 2238 860 2303 adventus
883 2239 1039 2304 exclusus
1061 2239 1199 2305 videtur
1221 2262 1294 2304 esse
1318 2239 1362 2304 ad

156 2358 238 2424 fam.
264 2359 353 2423 XVI
381 2357 402 2422 9
429 2361 594 2448 septimum
627 2361 691 2422 iam
724 2357 806 2421 diem
837 2356 990 2444 Corcyrae
1020 2359 1195 2421 tenebamur
1220 2396 1261 2402 —
1291 2359 1362 2422 XV.

162 2479 194 2540 Ie.
217 2477 361 2564 Corcyra.
405 2473 530 2544 Confer
551 2472 640 2538 XVI
661 2472 690 2555 9,
718 2473 736 2535 l
767 2475 840 2538 inde
867 2498 896 2536 u.
923 2474 951 2537 d.
982 2474 1011 2536 V
1034 2475 1077 2538 id.
1106 2474 1274 2563 Corcyram
1305 2478 1363 2539 bel-

167 2594 286 2656 lissime
307 2595 529 2680 naoipavimus.

265 2706 456 2772 Includitur
470 2714 504 2772 et
518 2706 686 2772 adventus
707 2706 780 2772 dies
796 2713 831 2771 et
851 2705 1020 2772 discessus
1036 2705 1080 2770 ad
1101 2705 1182 2772 fam.
1198 2707 1285 2773 XIV
1300 2709 1328 2791 4,
1344 2708 1364 2772 2

69 2817 73 2822 ¹
159 2851 218 2891 nos
251 2826 430 2890 Brundisii
457 2826 545 2913 apud
571 2827 616 2889 M.
650 2827 804 2890 Laenium
835 2827 983 2891 Flaccum
1017 2826 1085 2890 dies
1115 2827 1209 2890 XIII
1225 2826 1364 2910 jamnus.

146 2939 313 3029 ¹Dederat
334 2940 428 3005 enim
449 2940 569 3005 Cicero
591 2962 620 3005 a.
644 2939 676 3004 d.
698 2941 786 3005 XIV
806 2941 839 3006 k.
861 2940 941 3006 Mai.
964 2939 1006 3005 de
1026 2940 1212 3006 Tarentino
1233 2942 1365 3008 litteras

162 3059 206 3123 ad
227 3058 385 3123 Atticum
408 3057 475 3138 (III
497 3056 539 3140 6),
561 3055 741 3121 Brundisii
762 3064 877 3122 autem
903 3080 1028 3123 navem
1053 3058 1252 3124 conscendit
1277 3057 1364 3144 prid.

163 3175 197 3240 k.
217 3175 298 3241 Mai.
321 3173 379 3255 (ad
401 3174 475 3239 Att.
498 3175 554 3238 ΙΠ
576 3174 604 3258 7,
626 3175 646 3238 3
668 3173 712 3238 ad
733 3173 813 3240 fam.
837 3176 925 3240 XIV
946 3176 975 3260 4,
998 3176 1038 3256 6).

267 3292 378 3368 Quid?
402 3299 529 3376 quanta
548 3292 667 3357 Cicero
688 3298 805 3358 utatur
826 3293 974 3386 licentia,
999 3294 1080 3360 inde
1103 3298 1252 3388 apparet,
1276 3291 1365 3376 quod

166 3407 212 3472 ad
233 3407 312 3473 fam.
334 3409 401 3474 XV
423 3410 452 3493 2,
474 3410 494 3473 3
517 3409 637 3475 scribit
659 3431 695 3474 se
717 3409 870 3475 triduum
885 3397 1054 3495 Cybistris
1077 3410 1192 3492 fuisse,
1216 3407 1365 3492 quinque

163 3531 282 3589 autem
304 3524 376 3590 dies
398 3532 433 3590 et
454 3525 498 3591 ad
519 3525 600 3590 fam.
622 3526 691 3590 XV
712 3526 740 3610 4,
763 3527 783 3590 6
806 3533 841 3591 et
862 3526 906 3592 ad
927 3525 1001 3592 An.
1024 3526 1056 3590 V
1077 3526 1127 3608 20,
1149 3525 1179 3590 2.

266 3640 361 3719 Quae
386 3665 464 3707 cum
488 3642 538 3707 ita
562 3641 641 3725 sint,
674 3649 766 3708 certa
790 3664 860 3707 non
885 3648 998 3728 potest
1026 3641 1190 3707 constitui
1210 3641 1280 3725 Iex,
1307 3642 1366 3707 sed

164 3759 326 3841 quoniam
341 3759 470 3844 Cicero,
491 3767 531 3825 ut
549 3760 587 3824 in
602 3760 724 3827 ceteris
738 3760 849 3844 rebus
871 3760 921 3825 ita
940 3760 978 3824 in
992 3759 1112 3825 diebus
1129 3759 1366 3845 computandis

168 3873 233 3938 sibi
254 3897 323 3940 non
346 3883 491 3960 constat,
514 3876 556 3942 de
579 3876 724 3962 singuiis
746 3875 845 3941 nobis
867 3877 951 3942 locis
973 3876 1206 3960 quaerendum
1228 3882 1288 3941 est.

268 3989 432 4076 Legimus
457 3993 501 4058 ad
521 3993 594 4058 An.
617 3993 649 4057 V
670 3993 699 4077 5,
722 3993 742 4057 2
768 4019 824 4059 nos
849 3996 984 4076 Tarenti,
1018 4019 1093 4080 quos
1127 4019 1196 4058 cunr
1218 3995 1366 4080 Pompeio

163 4105 339 4188 διαλόγους
359 4113 397 4176 de
419 4113 581 4197 republica
602 4112 810 4192 babuerimus,
834 4111 878 4174 ad
899 4125 926 4176 tc
942 4114 1184 4198 perscribamus.

265 4225 300 4289 V
320 4227 340 4290 6
367 4229 533 4293 Tarentum
555 4231 628 4292 ceni
648 4254 677 4292 a.
701 4229 730 4292 d.
753 4229 822 4292 XV
838 4230 867 4293 lc.
892 4229 1016 4294 Junias.

265 4342 298 4406 V
321 4344 340 4408 7
374 4370 427 4433 epo
460 4370 527 4441 eum
548 4346 697 4409 ‘triduum
731 4368 798 4408 cum
829 4346 978 4433 Pompeio
1011 4360 1038 4409 et
1070 4346 1157 4433 apud
1187 4345 1368 4430 Pompeium

161 4460 308 4542 fuissem,
330 4463 555 4546 proficiscebar
577 4462 788 4526 Brundisium
810 4488 839 4526 a.
862 4464 891 4527 d.
915 4463 1009 4526 XIII
1024 4463 1053 4526 le.
1077 4463 1204 4526 emireius.
