3262 4926
864 230 884 293 6

273 438 380 500 oasse;
404 415 551 500 denique
572 414 684 481 adfuit
705 413 858 481 Calidius
880 411 1012 495 Miloni,
1035 410 1192 477 defendit
1214 410 1388 496 Scaurum,
1411 436 1474 499 pro

273 531 421 598 Gabinio
443 531 557 596 dicere
578 531 690 596 voluit
700 532 730 612 ¹).

373 648 538 714 Videmus
584 648 692 732 igitur
733 668 859 731 magna
900 645 1116 730 eloquentiae
1158 644 1259 711 laude
1303 645 1475 712 Calidium

272 765 437 834 floruisse
492 765 607 850 Atque
641 764 760 831 Cicero
793 762 965 829 Calidium
998 762 1142 846 dignum
1175 761 1292 847 habet,
1329 762 1372 827 de
1409 785 1474 849 quo

270 881 427 968 pluribus
457 881 610 968 disputet
637 882 735 946 Brut.
762 880 940 962 274-280,
972 880 1023 944 ita
1054 885 1183 963 tamen,
1216 886 1350 945 utnon
1373 880 1475 946 modo

273 998 553 1082 aemulationem,
585 1020 706 1064 verum
739 998 845 1063 etiam
882 998 1073 1062 simultates
1111 997 1204 1062 inter
1232 996 1404 1064 Calidium
1440 1005 1476 1063 et

273 1115 473 1182 Cioeronem
504 1114 738 1180 intercessisse
770 1121 928 1201 apertum
962 1114 1017 1180 sit.
1050 1091 1122 1179 ,Ao
1154 1114 1303 1201 primum
1336 1113 1476 1198 quidem

273 1231 446 1299 Calidium
474 1231 566 1296 inter
591 1231 721 1295 multus
748 1252 854 1317 prope
883 1230 1093 1314 singularem
1113 1233 1291 1296 'oratorem
1320 1230 1476 1296 nominat

274 1349 389 1432 (Brut.
410 1348 485 1429 274)
508 1354 543 1413 et
565 1347 700 1432 magnis
733 1355 831 1413 ornat
856 1347 1024 1432 laudibus,
1054 1347 1196 1413 subdole
1219 1347 1365 1432 quidem,
1394 1369 1477 1412 nam

274 1465 364 1550 quod
380 1464 501 1530 scribit
521 1467 639 1529 uubluu
658 1469 726 1530 nisi
746 1467 811 1530 loeo
829 1469 971 1552 positum
992 1480 1021 1530 et
1041 1479 1196 1550 tamquam
1217 1469 1252 1529 in
1273 1467 1474 1531 vermiculato

275 1586 458 1664 emblemate,
481 1598 515 1646 ut
536 1587 583 1648 ait
604 1584 759 1664 Lucilius,
782 1563 929 1647 structura
951 1584 1074 1647 verbum
1095 1583 1227 1665 oi'deres,
1254 1581 1474 1665 diligentiam

272 1720 350 1764 eam
376 1697 467 1784 apud
493 1697 668 1762 Lucilium
690 1696 890 1763 Scaevolam
918 1686 988 1761 non
1013 1696 1162 1782 laudare,
1190 1697 1250 1762 sed
1276 1697 1474 1784 vituperare

274 1815 421 1900 legimus
442 1815 480 1880 in
502 1821 635 1880 oratore
657 1815 707 1899 44,
731 1814 800 1879 149.

373 1930 508 1997 Deinde
528 1931 648 1998 Cieero
674 1930 758 1997 haee
774 1909 937 2016 'aspergit
958 1931 1057 1995 Brut.
1084 1930 1147 1994 276
1172 1932 1229 1997 sed
1253 1957 1321 1997 euru
1343 1957 1362 1996 a
1383 1935 1474 1997 nobis

221 2063 223 2068 '
271 2052 368 2136 parile
384 2065 453 2114 aute
469 2050 584 2115 dietum
606 2054 657 2131 sit,
680 2053 746 2114 tria
766 2049 873 2114 uideri
892 2074 964 2132 esse,
987 2074 1064 2134 quae
1080 2063 1185 2114 orator
1207 2048 1329 2135 efficere
1344 2050 1473 2131 deberet,

274 2181 309 2230 ut
329 2168 457 2248 doceret,
480 2181 513 2231 ut
534 2167 706 2248 delectaret,
733 2181 767 2230 ut
787 2179 927 2248 moueret,
955 2166 1014 2230 duo
1035 2191 1150 2230 suntme
1172 2169 1278 2248 tenuit,
1306 2181 1339 2230 ut
1360 2180 1394 2230 et.
1409 2191 1474 2231 reru

273 2283 449 2348 illustraret
480 2284 662 2348 disserendo
685 2297 713 2347 et
733 2286 855 2348 anrluos
882 2307 994 2365 eorum,
1027 2287 1085 2368 qui
1114 2284 1269 2366 audirent,
1302 2283 1475 2348 dosuoiret

275 2403 439 2486 voluptate.
484 2403 603 2465 Aberat
624 2404 718 2465 tertia
740 2402 799 2465 itta
821 2403 900 2482 laus,
924 2425 985 2485 qua
999 2415 1194 2487 permoveret
1216 2415 1305 2485 atque
1327 2403 1476 2466 incitaret

217 2539 219 2544 ·
274 2520 405 2597 animos,
429 2541 520 2601 quam
534 2519 718 2602 plurumum
738 2519 861 2604 poliere
883 2517 1025 2582 diotimus
1049 2541 1105 2581 uec
1135 2531 1201 2581 erat
1222 2518 1287 2581 ailla
1315 2520 1362 2581 uis
1383 2531 1475 2602 atque

276 2637 438 2715 contentia,
461 2636 526 2697 uae
542 2636 684 2715 oonsilio,
707 2635 791 2719 quod
802 2659 852 2699 eos
866 2658 996 2719 quorum
1011 2635 1107 2698 altior
1122 2637 1223 2698 oratio
1242 2637 1382 2720 actioque
1397 2649 1475 2698 esset

275 2751 445 2832 ardentior,
457 2750 573 2833 furere
595 2765 624 2815 et
645 2751 795 2816 baeebari
814 2752 1064 2833 arbitrareretur,
1086 2729 1152 2816 siue
1174 2752 1258 2836 quod
1277 2766 1391 2816 natura
1412 2776 1475 2816 uon

276 2881 352 2931 esset
372 2870 419 2931 ita
430 2865 552 2952 faetus,
574 2871 639 2932 sive
654 2867 738 2952 quod
750 2892 810 2933 nou
833 2881 1013 2932 consuesset.
1058 2869 1127 2933 Hoc
1142 2892 1235 2931 unum
1258 2869 1319 2950 itti,
1341 2871 1374 2933 si
1390 2869 1477 2934 nibil

274 2986 425 3049 utilitatis
446 2985 582 3066 babebat,
606 2985 718 3068 abfuit,
742 2987 775 3050 si
795 3010 872 3072 opus
893 2999 968 3066 erat,
991 2983 1102 3070 defuit.

375 3099 463 3165 Tum
485 3099 603 3192 Cicero
629 3106 754 3184 nanat,
785 3121 850 3184 qua
876 3100 1008 3165 ratione
1034 3099 1181 3165 irriserit
1201 3099 1374 3166 Calidium
1396 3123 1474 3166 oum

276 3216 427 3282 Gellium
459 3222 647 3299 aoousaret;
681 3214 829 3300 denique
845 3215 907 3296 ‚hio
939 3237 1073 3303 pannus
1106 3217 1255 3282 assuitur
1276 3221 1296 3299 ξ
1318 3218 1380 3283 279
1412 3235 1476 3284 tum

281 3337 409 3417 Brutus,
452 3349 542 3421 atque
582 3336 771 3417 dubitamus,
811 3337 927 3420 iuquit,
966 3349 1069 3399 utrum
1107 3338 1170 3400 ista
1208 3339 1330 3401 sanitas
1356 3337 1475 3420 suerit,

277 3434 330 3516 uu
344 3453 476 3517 uitium?
519 3453 598 3531 Quis
626 3454 708 3516 enirn
739 3476 801 3516 aon
824 3451 972 3537 fateatur
1002 3476 1070 3515 euni
1096 3477 1135 3516 eu
1168 3455 1309 3518 erunibus
1339 3457 1476 3519 oratoris

276 3569 423 3633 laudibus
446 3573 531 3656 lonqe
555 3572 617 3634 ista
637 3572 681 3634 sit
700 3593 847 3632 nasama
869 3569 1061 3655 inflammare
1080 3573 1202 3634 animos
1222 3571 1416 3636 audientium
1437 3586 1475 3654 et,

276 3709 462 3771 quocumque
484 3710 534 3750 res
548 3687 687 3772 postulet
707 3686 806 3768 ruodo,
819 3686 955 3774 flectere,
981 3688 1039 3771 qui
1058 3686 1116 3751 bae
1136 3689 1248 3751 virtue
1270 3692 1416 3769 conterit,
1440 3689 1478 3753 id

276 3804 310 3866 ei
329 3801 413 3885 quod
431 3805 603 3866 marimum
613 3800 731 3885 fuerit,
754 3800 914 3884 dffuuse?
955 3801 1006 3867 Sit
1026 3828 1101 3867 sane
1123 3806 1178 3884 ito,
1202 3807 1339 3888 inquam.

377 3915 431 3982 Ex
451 3915 506 3981 his
528 3915 614 3989 mihi
635 3916 774 3982 videtur
796 3916 938 4001 elucere,
963 3915 1154 3982 simultates
1176 3917 1376 3984 Ciceronem
1398 3940 1476 3984 oum

277 4031 410 4099 Calidio
433 4032 630 4118 suscepisse.
673 4032 775 4099 Adde
797 4033 887 4118 quod
907 4032 1026 4100 Cicero
1048 4033 1173 4099 tertiae
1195 4033 1257 4118 illi,
1281 4057 1347 4120 qua
1368 4035 1476 4101 animi

276 4155 468 4232 moventur,
490 4148 584 4216 laudi
605 4149 726 4215 multis
748 4149 831 4216 loeis
853 4149 1003 4237 palmam
1025 4149 1093 4215 dat.
1136 4149 1189 4215 De
1212 4158 1297 4218 orat.
1320 4153 1338 4218 I
1361 4152 1409 4236 17,
1424 4152 1476 4238 53,

276 4267 339 4332 219
360 4265 415 4331 ΠΙ
438 4266 506 4352 104,
530 4267 599 4332 105.
642 4267 738 4334 Brut
761 4266 813 4333 89.
835 4288 882 4334 or.
904 4267 954 4351 69,
977 4267 1047 4332 128.

379 4515 401 4585 ¹)
413 4516 512 4572 Asson
524 4517 555 4571 in
566 4516 629 4572 Mil.
639 4534 667 4589 p.
677 4519 717 4585 et,
730 4516 762 4571 in
772 4516 872 4571 Scaur.
883 4534 911 4588 p.
919 4519 965 4584 20;
978 4514 1009 4570 G.
1022 4514 1060 4570 ad
1069 4515 1214 4583 Quintum
1225 4515 1348 4572 fratrem
1359 4517 1441 4586 1112,
1453 4523 1478 4573 1.
