3262 4926
719 176 757 242 17

230 363 386 438 Athenis
416 362 536 428 Cicero
562 382 598 425 se
626 359 746 424 decem
772 359 864 446 ipsos
891 357 966 424 dies
1001 357 1108 426 fuisse
1139 361 1229 447 prid.
1262 385 1341 429 non.

131 483 277 562 Quinct.
301 488 337 544 et
359 479 403 544 ad
423 477 580 543 Atticum
602 476 634 542 V
650 477 736 560 11,4
758 474 881 542 scribit
903 482 939 540 et
960 474 1005 540 ad
1028 476 1183 542 (laelium
1206 478 1243 544 H
1261 479 1292 564 8,
1307 479 1342 563 33

6 647 85 688 affl:
134 605 337 684 corruptum
360 595 469 680 igitur
496 614 677 660 numerum
698 591 875 658 Medioeus
902 591 1007 658 habet
1031 592 1075 658 ad
1097 593 1171 659 Att.
1194 594 1227 660 V
1250 596 1341 680 10,1

86 766 96 802 :
136 733 172 784 ut
197 717 331 782 Athenas
352 742 381 778 c.
405 715 435 779 d.
460 714 525 778 XV
542 714 572 776 lc.
596 713 768 790 Qoetaila
790 736 941 776 veneram.

180 807 182 817 Ι
242 831 398 920 Epistula
418 829 463 895 ad
485 829 560 894 Att.
576 828 608 894 V
625 829 673 912 10,
696 849 762 912 qua
783 827 947 892 scribitur
968 831 1184 915 cospectabcm
1207 833 1258 896 iti
1279 836 1341 898 scm

24 1004 49 1040 .·.
70 999 100 1038 ,Ξ
147 967 280 1036 quartum
302 952 386 1014 diem
401 950 612 1034 Pomptinam,
633 945 793 1030 quoniam
815 967 926 1030 neque
947 945 1065 1030 liquet,
1087 954 1206 1015 utrum
1222 947 1344 1014 Cicero

32 1095 100 1157 ,1ζῖ-
147 1066 211 1130 VH
233 1065 265 1129 1.
293 1065 431 1142 Quinct.
462 1085 507 1128 an
533 1062 584 1128 VI
613 1062 646 1128 k.
679 1061 835 1127 Athenas
863 1063 1000 1128 venerit
1031 1085 1076 1128 an
1098 1064 1130 1130 V
1156 1064 1199 1150 k,
1231 1088 1344 1150 neque

16 1267 31 1276 „
144 1189 250 1248 utrum
277 1183 299 1248 l.
331 1205 356 1246 s,
385 1204 411 1247 s.
441 1179 610 1245 adventus
648 1178 720 1244 dies
759 1177 1023 1266 comprehensus
1050 1179 1096 1245 sit
1112 1163 1250 1248 'necne:
1283 1183 1345 1249 illa

18 1382 31 1392 ,
59 1351 106 1390 ὦ,
141 1300 286 1386 epistula
307 1306 426 1364 utrum
448 1297 499 1362 IV
513 1296 546 1362 k.
571 1294 707 1373 Quinct.
730 1319 774 1362 an
796 1298 851 1361 ΙΠ
872 1296 905 1363 1.
928 1318 972 1362 an
995 1296 1107 1382 pridie
1129 1297 1163 1363 k.
1185 1298 1266 1366 deta
1287 1301 1344 1386 sit,

49 1441 106 1507 ...j
141 1440 185 1482 an
199 1416 286 1502 ipsis
304 1413 472 1498 kalendis,
487 1412 639 1500 perspici
653 1435 722 1478 non
743 1420 866 1500 potest.
904 1412 1004 1491 Quod
1018 1414 1195 1480 Manutius
1211 1417 1243 1482 V
1260 1417 1342 1499 10,1

31 1589 99 1617 ,,
143 1533 217 1598 VH
236 1533 271 1597 1.
296 1531 418 1619 posuit,
440 1528 710 1614 Wesenbergius
732 1529 783 1596 VI
804 1531 847 1614 1.,
869 1529 939 1597 VII
961 1530 1004 1616 1,
1033 1554 1134 1615 quem
1161 1555 1342 1599 numerum

3 1679 96 1738 ,Μ
148 1650 186 1714 in
207 1649 373 1716 codicibus
389 1649 459 1713 suis
474 1671 510 1713 se
532 1647 706 1713 invenisse
722 1646 804 1713 Sim.
821 1648 944 1712 Bosius
960 1648 1146 1731 simulavit,
1162 1649 1344 1716 minimam

2 1811 36 1848 ?.·.·
55 1811 88 1850 e..
151 1761 424 1851 probabilitatem
445 1765 531 1829 mihi
550 1764 689 1830 videtur
710 1763 846 1848 habere,
868 1765 1028 1850 quoniam
1051 1788 1069 1829 e
1092 1765 1279 1852 depravato
1293 1768 1346 1835 VI

14 1924 72 1963 -32
110 1932 115 1955 1
147 1883 200 1948 vel
221 1905 240 1948 e
264 1882 439 1968 duplicato
453 1881 491 1964 V,
514 1903 616 1965 quem
638 1902 817 1946 numerum
840 1881 977 1945 anullo
999 1883 1213 1968 propositum
1233 1885 1345 1969 video,

8 2027 62 2079 «s
144 1997 284 2064 facilius
305 1998 374 2064 XV
397 1997 477 2063 oriri
505 2004 654 2084 poterat3
688 1996 749 2063 sed
781 2006 898 2062 tamen
930 2021 991 2084 pro
1019 2005 1113 2063 certo
1136 2001 1241 2066 statui
1274 2024 1344 2068 non

1 2137 76 2198 [sm
144 2139 256 2203 posse,
286 2116 422 2201 quinam
450 2115 490 2182 de
516 2114 628 2181 tribus
655 2114 731 2179 istis
757 2114 908 2180 numeris
933 2137 1133 2200 germanam
1159 2117 1345 2183 lectionem

9 2253 81 2318 Lug.
143 2233 320 2320 praebeat,
356 2257 396 2300 ex
427 2234 469 2300 iis
502 2233 622 2318 colligi
652 2239 778 2322 potest,
813 2255 898 2316 quae
931 2232 1032 2298 modo
1065 2231 1108 2298 de
1137 2234 1346 2299 numerandi

4 2375 79 2436 Ἃ
145 2351 275 2416 ratione
296 2373 337 2415 ac
360 2350 403 2414 de
426 2349 600 2415 Ciceronis
623 2350 856 2415 inconstantia
878 2349 1112 2416 disseruimus.

292 2466 334 2531 aa
357 2451 431 2531 Ate.
453 2466 539 2530 vn
1067 2490 1090 2531 v
1122 2469 1141 2547 e
1163 2469 1184 2532 4

293 2583 335 2648 ad
359 2582 440 2648 fam,
463 2582 542 2647 118
587 2529 699 2618 pridie
720 2552 828 2596 nonas
852 2531 1045 2609 Quinctiles
1067 2519 1099 2648 v:
1122 2587 1142 2664 ξ
1164 2585 1185 2649 9

24 2781 31 2791 ,
58 2724 73 2785 ᾗ
149 2699 192 2764 ad
212 2699 283 2766 Att.
305 2701 337 2766 V
361 2701 401 2765 12
425 2722 453 2764 a.
477 2700 509 2764 d.
531 2699 564 2764 V
586 2697 631 2763 id.
660 2701 797 2778 Quinot.
827 2699 987 2790 paullove
1009 2706 1116 2785 post.¹
1140 2701 1241 2765 Nam·
1256 2701 1347 2785 quod

144 2816 288 2900 legimus
317 2823 337 2898 ξ
365 2820 383 2882 1
412 2834 498 2884 secto
529 2821 582 2883 die
607 2819 720 2884 Delum
750 2820 882 2882 Allectus
916 2821 1071 2900 corrictus,
1102 2817 1161 2882 vix
1195 2815 1348 2883 dubitari

1 2971 70 3027 ’.τῇ
143 2941 269 3019 potest,
306 2935 390 3019 quin
422 2934 459 2999 in
485 2942 581 3000 sexto
614 2934 670 2999 die
702 2934 854 2999 inclusus
887 2934 933 2998 sit
966 2940 1001 2998 et
1034 2933 1107 2998 dies
1137 2957 1203 3019 quo
1226 2935 1348 3000 (licere

144 3049 293 3117 Athenis
316 3051 512 3116 discesserit
533 3059 569 3116 et
590 3051 663 3115 dies
684 3073 749 3136 quo
764 3049 890 3115 Delum
910 3051 1053 3117 venerit.
1089 3051 1215 3117 Confer
1232 3055 1348 3141 pridie

12 3195 63 3262 ³³52*
146 3193 238 3234 nonos
261 3171 308 3234 ad
328 3172 466 3249 Zostera,
489 3195 517 3233 a.
542 3169 572 3232 d.
591 3169 677 3232 VIII
696 3169 766 3232 idas
787 3170 831 3233 od
851 3169 909 3233 Ceo
935 3171 1075 3252 iucunde,
1099 3171 1172 3234 iride
1193 3171 1347 3258 Gyarum,

10 3256 60 3377 ὲ.
126 3283 276 3350 vscilicet
300 3305 329 3349 a.
353 3283 385 3349 1.
407 3283 477 3349 VII
513 3283 568 3370 id,
602 3306 668 3369 quo
701 3283 757 3349 die
780 3283 899 3349 Cicero
927 3291 962 3348 et
990 3284 1034 3349 od
1059 3285 1284 3349 Hortensium
1311 3293 1349 3350 et

1 3479 3 3498 ,
26 3377 58 3491 ’.-
146 3399 190 3464 61
210 3401 368 3488 Atticum
391 3385 434 3465 de
460 3402 620 3467 Messalla
640 3401 782 3467 litteras
802 3423 887 3486 quae
909 3423 979 3466 non
1002 3407 1139 3466 exstant
1158 3401 1263 3466 misit.
1287 3403 1349 3482 §2

17 3575 52 3617 ὁ,
141 3518 216 3582 triac
237 3519 354 3606 Syram
376 3517 448 3582 scil.
464 3540 493 3582 a.
509 3517 540 3582 d.
556 3519 607 3583 VI
629 3518 675 3584 id.
691 3518 767 3600 (M.:
791 3516 976 3602 schyrum),
995 3520 1065 3584 iude
1081 3521 1202 3602 Delam,
1218 3535 1349 3604 atroque

8 3685 45 3735 ,,,..
141 3639 247 3718 citius,
271 3661 365 3721 quam
387 3638 529 3700 vellemus
551 3634 624 3700 scil.
642 3656 676 3699 a.
700 3633 731 3698 d.
755 3634 787 3699 V
809 3632 854 3698 id.

242 3751 286 3817 A.
310 3750 343 3815 d.
365 3752 420 3816 XI
440 3752 473 3817 k.
497 3751 588 3817 Sext.
611 3750 730 3816 Cicero
753 3749 929 3836 Ephesum
950 3749 1049 3814 venit
1069 3750 1155 3815 5600
1179 3749 1235 3816 die
1267 3759 1350 3836 post
1384 3773 1389 3781 ·

0 3938 7 3950 ,
32 3947 38 3958 ι
146 3889 298 3954 pugnam
312 3867 539 3951 Bovillanum,
563 3865 605 3932 de
628 3888 694 3951 qua
715 3887 831 3952 pugna
852 3865 944 3932 infra
957 3865 1009 3931 ad
1031 3887 1083 3952 ep.
1107 3865 1151 3930 ad
1166 3866 1241 3932 Att.
1258 3867 1309 3932 VI
1327 3869 1345 3932 1

145 3985 408 4072 disputabimus.
452 3983 611 4049 Totidem
631 3982 739 4067 igitur
759 3983 832 4050 fere
854 3982 975 4048 diebus
998 3982 1146 4048 Athenis
1169 3981 1346 4068 Ephesum

1 4079 7 4089 ¹
29 4182 35 4193 ¹
142 4103 210 4168 iter
231 4102 327 4187 fecit,
350 4106 433 4186 quot
453 4100 491 4165 in
510 4099 624 4165 reditu
638 4099 777 4185 Epheso
798 4097 963 4182 Athenas,
980 4121 1057 4164 cum
1071 4098 1105 4166 k.
1121 4098 1193 4164 Oct.
1209 4096 1347 4183 Epheso

142 4220 322 4306 profectus
348 4217 406 4300 (ad
426 4217 498 4283 Att.
518 4217 569 4282 VI
589 4217 623 4298 8)
651 4217 807 4282 Athenas
831 4215 944 4301 pridie
967 4215 1012 4281 id.
1036 4215 1109 4281 Oct.
1131 4214 1267 4280 venerit
1289 4212 1347 4296 (ad

67 4386 70 4409 .
142 4337 220 4404 Att.
244 4337 296 4403 VI
316 4337 364 4420 9);
395 4342 519 4420 quotve
546 4334 585 4411 Q.
614 4335 742 4418 Cicero,
770 4333 828 4418 qui
856 4355 933 4398 cum
962 4356 1004 4398 ex
1030 4331 1116 4396 Asia
1144 4331 1351 4396 decessisset

144 4464 226 4520 ante
248 4453 282 4519 k.
304 4454 413 4518 Maias
434 4451 590 4530 Athenas
612 4451 656 4517 id.
678 4451 758 4516 Mai.
781 4448 877 4516 venit
899 4449 959 4531 (ad
980 4450 1053 4515 Att.
1075 4449 1131 4514 III
1152 4449 1195 4530 9).

1162 4568 1179 4618 2
