3262 4926
862 195 904 258 54

282 380 402 464 Neque
424 387 540 445 tamen
561 378 643 443 inde
666 377 784 461 colligi
804 384 925 464 potest,
948 377 1064 443 Coelio
1085 377 1300 464 provinciam
1330 380 1495 445 nondum.

283 496 382 560 nonis
404 497 485 562 Dec.
514 518 542 560 a.
566 496 627 560 703
650 494 826 578 obtigi‘ssc3
853 516 934 558 nam
960 493 1061 558 utin
1089 493 1235 579 epistula
1262 494 1305 559 ad
1326 495 1493 560 Atticum.

283 635 353 707 non
376 612 417 677 de
439 636 475 678 re
498 635 587 678 nova
602 612 716 695 agitur
735 614 766 677 0.
784 614 920 677 Coelium
942 627 1131 698 quaestorem
1151 613 1329 677 1199999199
1352 607 1491 697 audisti,

283 729 332 793 ita
353 729 485 794 litteras
505 729 601 794 Cocli
624 750 698 793 sero
721 729 841 792 allatas
871 750 942 793 esse
965 727 1084 792 Cicero
1114 727 1265 792 declarat
1290 756 1345 794 999
1371 734 1401 794 is
1430 736 1490 817 qai

284 850 429 912 attulerat
451 875 470 911 9
493 863 520 912 te
542 861 712 933 acceperat.

384 964 472 1028 VIII
493 965 513 1027 6
535 985 563 1028 9.
588 963 649 1027 704
670 969 749 1027 9919
771 962 803 1027 k.
826 961 976 1027 Martias.

384 1081 479 1145 Haec
502 1080 647 1165 epistula
668 1101 739 1144 non
760 1100 828 1143 uno
850 1085 967 1142 tencre
990 1084 1135 1163 exarata,
1163 1079 1223 1143 sod
1250 1079 1488 1166 paragraphus

285 1197 405 1282 quinta
425 1196 540 1282 paullo
562 1203 639 1281 post
661 1195 795 1260 adiecta
817 1202 878 1259 est.
923 1194 1049 1259 Confer
1070 1196 1124 1275 §3
1147 1198 1282 1262 Carioni
1301 1213 1404 1262 rostro
1428 1203 1487 1263 rri-

285 1317 413 1380 bonores
436 1317 618 1402 conplacuit.
642 1316 660 1392 ξ
681 1313 702 1375 5
724 1315 807 1398 quod
827 1316 888 1377 tibi
907 1339 1005 1399 supra
1026 1318 1147 1400 scripsi
1167 1315 1331 1380 Curionem
1343 1315 1486 1402 frigere,

287 1437 350 1498 199
374 1435 459 1496 calet.
497 1430 571 1493 Hac
593 1429 806 1515 paragrapho
827 1435 984 1494 narratur
1002 1429 1186 1494 Curionem
1207 1430 1320 1513 legem
1342 1430 1489 1496 alimen-

284 1548 408 1612 tariam
434 1553 468 1612 et
494 1546 640 1610 viariam
665 1545 800 1630 iactare,
824 1568 905 1630 quas
932 1546 1026 1630 leges
1048 1546 1227 1631 Appianus
1255 1553 1402 1612 testatur
1429 1547 1488 1628 (de

284 1665 587 1744 119119191127)
614 1662 797 1757 Curionem
828 1662 948 1726 tulisse
981 1662 1179 1748 priusquam
1211 1662 1300 1728 ectio
1334 1663 1376 1728 de
1408 1687 1488 1750 pro-

284 1781 410 1847 vinciis
439 1781 608 1845 introiret.
653 1780 714 1845 Sin
743 1780 889 1865 epistula
914 1786 991 1866 post
1011 1779 1045 1844 k.
1067 1779 1167 1844 Mart.
1190 1779 1271 1846 data
1298 1787 1396 1865 esset,
1421 1803 1491 1865 quo

285 1898 342 1963 die
364 1906 402 1963 ut
424 1898 466 1964 de
488 1897 675 1984 provinciis
697 1896 884 1962 referretur
906 1919 994 1962 anno
1020 1896 1193 1982 superiore
1216 1896 1391 1962 decretum
1413 1905 1490 1963 erat

286 2015 547 2099 (9119197111
568 2015 611 2098 8),
635 2014 770 2080 Caelius
793 2013 830 2077 in
852 2019 1003 2077 extrema
1024 2012 1160 2100 pagella
1181 2013 1379 2097 addidisset,
1404 2015 1490 2098 quid

285 2132 350 2198 hoc
372 2133 427 2197 (119
449 2132 487 2196 19
509 2139 630 2196 999919
651 2139 765 2196 actum
788 2137 885 2195 99991.
928 2130 1032 2195 Nulla
1055 2137 1170 2194 autem
1192 2136 1244 2194 est
1270 2152 1379 2211 causa,
1404 2130 1489 2214 quin

286 2256 473 2314 statuamus
496 2249 528 2312 k.
544 2247 679 2312 Martiis
694 2271 735 2312 ex
750 2254 887 2311 senatus
910 2247 1065 2311 consulto
1081 2246 1124 2310 (19
1138 2246 1325 2332 provinciis
1340 2247 1490 2312 relatum

288 2388 375 2448 esse;
408 2387 488 2428 nam
520 2364 564 2428 ad
596 2364 751 2428 Atticum
773 2364 892 2429 Cicero
925 2363 1044 2427 scribit
1066 2363 1166 2447 712,
1189 2365 1209 2427 6
1235 2366 1381 2428 habebam
1415 2381 1487 2430 oeta

288 2487 408 2548 urbana
434 2508 527 2568 arque
550 2484 594 2547 cd
618 2508 716 2547 99999
741 2485 886 2564 11991199,
915 2508 929 2546 9
959 2485 1069 2568 quidus
1102 2485 1312 2570 (9197999199
1339 2483 1491 2548 Curionis

287 2606 391 2666 nostri
410 2603 582 2665 9999199119
604 2604 709 2664 omnic
723 2603 836 2687 potius
858 2615 958 2664 oetam
980 2603 1029 2664 iri
1048 2626 1139 2685 quara
1161 2601 1198 2664 dc
1216 2604 1406 2686 proviaciis.

388 2717 493 2781 lnitio
521 2739 572 2801 ep.
596 2717 615 2780 7
643 2716 777 2782 0991199
805 2715 925 2781 scribit
958 2743 1049 2802 pacat
1076 2721 1136 2781 cdo
1165 2730 1197 2780 tu
1224 2721 1318 2782 istinc
1344 2719 1492 2782 decedere

290 2839 409 2921 capros,
442 2839 559 2915 rescio3
594 2859 646 2922 epo
681 2837 804 2919 quidem
838 2860 869 2898 99
902 2838 1016 2922 trapis,
1050 2860 1107 2919 quo
1141 2836 1241 2898 adbuc
1267 2834 1406 2918 felicius
1439 2861 1491 2899 res

287 2956 422 3039 persisti.
461 2949 571 3026 Quid?
607 2972 721 3014 nonne
751 2949 870 3015 Cicero
905 2956 1087 3033 antequam
1119 2956 1195 3014 acta
1225 2949 1356 3014 urbana
1382 2972 1490 3034 usque

263 3068 265 3074 ’
290 3066 334 3132 ad
365 3088 472 3130 nonas
499 3065 639 3130 Martias
673 3064 813 3150 accepit,
847 3065 1004 3130 omnibus
1037 3066 1109 3131 fere
1142 3065 1269 3130 litteris
1301 3065 1491 3132 familiares

289 3183 440 3268 rogabat,
461 3189 500 3246 ut
524 3188 727 3268 pugnarent,
760 3203 803 3244 99
836 3180 1042 3246 retineretur
1068 3181 1105 3245 in
1133 3181 1310 3267 provincia
1338 3182 1394 3263 (ad
1416 3184 1490 3248 Att.

290 3299 323 3365 V
337 3301 386 3384 20,
408 3300 426 3363 7
448 3299 492 3364 ad
513 3298 593 3363 fam.
614 3300 650 3363 ll
671 3299 709 3362 11
734 3299 831 3378 ceti?
864 3320 978 3362 nonne
1001 3297 1136 3363 Caelius
1159 3298 1338 3363 confirmat
1359 3321 1395 3363 99
1419 3301 1492 3364 991·

291 3439 407 3481 surum
440 3438 527 3500 9999,
555 3437 598 3479 ne
631 3415 814 3500 imperium
845 3422 1046 3499 prorogetur
1074 3415 1325 3498 (V11110‚5)?
1355 3414 1489 3501 'Itaque

292 3533 426 3600 0991199
450 3533 478 3596 91
501 3539 579 3596 9919
602 3532 633 3595 k.
650 3532 758 3614 Mart,
776 3553 841 3615 quo
863 3530 918 3595 die
940 3531 1116 3616 prorogari
1135 3538 1277 3618 poterat,
1298 3533 1491 3619 scripsisset

292 3671 328 3714 se
349 3649 490 3732 nescire,
515 3670 615 3732 quam
637 3648 704 3712 cito
720 3647 838 3712 Cicero
854 3647 1018 3713 decedere
1032 3648 1128 3733 velit,
1144 3648 1273 3713 insulse
1289 3649 1491 3714 Ciceronem

292 3765 477 3831 sollicitum
498 3765 670 3829 irrisisset.
716 3763 827 3841 Quare
854 3787 904 3850 ep.
928 3765 947 3828 7
969 3772 1047 3850 post
1069 3765 1101 3831 k.
1124 3766 1225 3830 Mart.
1247 3765 1384 3831 videtur
1411 3767 1492 3832 data

293 3903 376 3946 esse.
421 3880 551 3958 Quodsi
574 3881 708 3967 0991199
732 3881 850 3946 scribit
865 3882 953 3946 7111
976 3883 994 3946 7
1017 3897 1067 3948 tao
1090 3885 1199 3950 liberto
1219 3887 1365 3968 pleribus
1387 3887 1506 3950 cerdis¹

292 4003 428 4086 999999
453 4000 568 4086 pridie
595 4000 739 4063 (1919999
772 3998 856 4062 hacc
882 3998 987 4062 rerba
1013 4019 1082 4062 non
1112 3997 1156 4062 ad
1178 4021 1229 4084 ep.
1253 4007 1384 4064 sextam
1411 4006 1508 4075 ante¹

292 4115 324 4180 k.
348 4116 447 4179 Mart.
470 4115 610 4179 missam
631 4114 811 4180 reserenda
833 4121 921 4179 sunt.
966 4115 1085 4180 Malim
1113 4114 1295 4180 adnectere
1322 4117 1411 4181 hanc
1433 4140 1508 4203 pu,

294 4230 406 4296 sillam
434 4231 616 4317 epistulam
643 4231 686 4295 ad
709 4254 761 4317 ep.
783 4231 871 4296 7111
893 4233 932 4296 11
954 4254 1025 4296 999
1053 4238 1132 4296 9919
1159 4254 1312 4297 mensem
1334 4232 1509 4319 Aprilem·

293 4348 442 4413 missam.
486 4348 660 4413 Ciceronis
694 4347 786 4412 enim
820 4370 871 4435 ep.
900 4349 1000 4412 1115
1031 4348 1197 4434 rescripta
1230 4355 1282 4414 est
1313 4350 1357 4414 ed
1383 4349 1491 4415 Caelii

295 4464 476 4550 epistulam
513 4466 702 4551 septimam,
740 4464 966 4549 undecimam,
1003 4465 1141 4530 tertiam
1177 4465 1358 4551 decimam;
1394 4468 1441 4552 15,
1473 4468 1491 4530 1
