3262 4926
869 213 913 279 28

293 397 404 484 ipsam
426 397 583 463 Ciliciam
604 397 902 482 Parthcs'equites
924 398 1088 464 transisse
1121 398 1178 481 (ad
1200 398 1281 465 fam.
1304 399 1373 464 XV
1394 399 1423 482 4,
1445 399 1490 480 7).

293 515 463 598 Cybistris
485 514 605 580 Cicero
627 512 760 579 audivit
781 513 927 579 Parthos
958 515 997 580 in
1017 515 1174 581 Ciliciam
1207 515 1389 581 influentes
1422 537 1492 582 non

293 631 393 697 modo
415 653 436 697 a
457 631 595 698 cohorte
616 631 796 717 praetoria,
818 631 998 697 sedetiam
1013 632 1056 698 ab
1078 633 1231 718 equitum
1244 632 1367 698 turmis
1386 633 1491 698 reiec-

293 755 345 813 tos
367 770 441 812 esse
464 747 546 830 (ib).
591 747 703 826 Quare
726 747 817 833 qnod
838 748 984 833 legimus
1005 749 1075 814 XV
1095 749 1125 832 2,
1146 750 1167 813 3
1189 775 1246 836 quo
1279 754 1490 816 marcialem

293 864 378 946 (scil.
391 865 575 950 Cybistris)
591 882 695 932 eostre
708 867 851 932 haberem
866 871 1092 953 equitatumque
1115 871 1149 932 ia
1165 869 1314 932 Cilicium
1336 871 1492 933 misissem

292 981 410 1054 malim
433 982 481 1046 ita
502 979 730 1068 interpretari,
752 989 792 1047 ut
812 981 1013 1048 Ciceronem
1039 1004 1109 1048 non
1143 1005 1164 1047 a
1186 981 1366 1068 Cybistris,
1404 1005 1490 1068 quae

294 1097 432 1184 quidem
452 1098 646 1164 Drumanni
667 1097 782 1185 opinio
806 1105 857 1163 est
879 1099 945 1182 (VI
969 1099 1050 1183 130),
1073 1098 1134 1164 sed
1155 1099 1198 1164 ab
1217 1098 1336 1164 Iconio
1358 1099 1489 1184 equites

291 1216 329 1282 in
343 1216 500 1283 Ciliciam
521 1216 655 1281 misisse
677 1222 866 1282 statuamus
874 1240 881 1299 ;
904 1237 985 1280 nam
1007 1215 1167 1301 quoniam
1182 1215 1301 1282 Cicero
1320 1215 1489 1300 Cybistris

292 1334 441 1419 quinque
463 1341 597 1399 tantum
620 1334 695 1399 dies
716 1330 942 1399 commoratus
964 1339 1024 1416 est,
1047 1331 1154 1397 ibi-dc
1177 1332 1331 1416 equitum
1344 1332 1490 1398 victoria

291 1452 450 1516 nuntium
472 1451 626 1537 accipere
648 1472 718 1516 non
738 1456 881 1536 poterat,
902 1449 972 1514 nisi
993 1449 1080 1514 aliae
1102 1449 1255 1534 equitum
1282 1449 1364 1514 alae·
1388 1454 1489 1514 antea

291 1568 328 1632 in
350 1567 472 1634 Cilicia
494 1575 599 1633 erant.
644 1566 744 1645 Quod
764 1565 925 1634 scribitur
956 1565 999 1632 ad
1032 1564 1105 1634 Att.
1127 1565 1159 1633 V
1182 1567 1273 1648 16,4
1303 1568 1360 1632 sed
1389 1582 1489 1662 temen

291 1689 429 1750 comesses
450 1689 566 1772 equites
591 1699 711 1750 costros
733 1712 753 1750 a
781 1687 926 1750 barbaris
958 1685 1142 1748 nuntiabant
1174 1687 1205 1749 ii
1229 1687 1286 1770 qui
1315 1685 1487 1748 veniebam.

290 1801 508 1867 Drumennus
530 1803 594 1884 (VI
617 1803 690 1883 128)
712 1823 782 1868 non
802 1800 845 1866 de
868 1800 998 1884 Cilicia,
1021 1799 1082 1866 sed
1102 1798 1146 1864 de
1172 1797 1342 1885 equitibus
1362 1797 1487 1866 Roma-

290 1918 345 1983 nis
367 1918 404 1983 in
427 1919 527 2004 Syria
548 1926 640 1985 recte
661 1919 699 1984 ni
720 1918 821 1984 fallor
847 1919 988 2006 aceepit.
1033 1919 1247 2000 Quamquam
1269 1913 1412 1981 difficile
1435 1922 1487 1980 est

292 2036 377 2102 certi
400 2037 585 2122 quidquam
605 2059 804 2124 proponere,
826 2035 1038 2124 probabilius
1059 2035 1146 2101 mihi
1161 2033 1301 2100 videtur
1322 2055 1395 2099 esse
1418 2055 1488 2098 non
1611 2031 1612 2034 ’

291 2159 406 2236 antea,
422 2176 523 2238 quam
538 2153 657 2219 Cicero
679 2155 823 2240 miserit,
838 2155 971 2240 equites
992 2155 1030 2221 in
1045 2154 1167 2221 Cilicia
1188 2152 1304 2237 fuisse,
1327 2151 1488 2237 quoniam

289 2269 326 2334 in
352 2269 500 2355 epistula
531 2268 576 2334 ad
601 2269 754 2356 Appium
775 2271 881 2355 1116,
911 2292 977 2354 qua
1003 2271 1121 2336 Cicero
1151 2269 1308 2335 cohortes
1340 2269 1487 2357 flagitat,

290 2385 444 2470 equitum
463 2385 559 2450 nulle
579 2385 620 2450 fit
633 2385 782 2469 -mentio;
807 2408 910 2472 quare
932 2386 975 2452 ab
995 2386 1039 2452 iis
1063 2386 1245 2473 equitibus,
1269 2409 1352 2472 quos
1367 2386 1487 2452 Cicero

288 2501 522 2588 praemiserat,
554 2503 700 2569 victoria
731 2502 774 2568 de
795 2504 933 2570 Parthis
954 2503 1094 2571 videtur
1114 2510 1288 2591 reportata
1310 2525 1394 2571 esse.

390 2619 562 2704 Cybistris
585 2621 704 2686 Cicero
736 2619 805 2686 fuit
837 2621 987 2706 quinque
1020 2621 1093 2687 dies
1127 2622 1187 2703 (ad
1207 2621 1287 2688 fam.
1311 2621 1380 2686 XV
1401 2622 1423 2686 4
1443 2621 1491 2686 ad.

289 2735 362 2801 Att.
385 2736 417 2800 V
438 2736 492 2818 20)
514 2737 570 2802 vel
590 2735 743 2802 triduum
765 2737 822 2819 (ad
842 2737 922 2804 fam.
944 2738 1014 2803 XV
1034 2739 1064 2822 2,
1078 2739 1121 2822 3),
1138 2760 1204 2823 quo
1223 2738 1297 2804 loco
1312 2744 1348 2802 et
1361 2737 1488 2803 adven·

289 2860 345 2920 tus
367 2853 441 2919 dies
464 2860 499 2919 et
520 2853 690 2919 discessus
712 2854 914 2920 excluditur.
967 2855 1011 2919 A.
1044 2854 1076 2920 d.
1097 2855 1190 2920 XIII
1210 2854 1243 2920 h.
1267 2853 1342 2920 Oct.
1367 2855 1487 2921 Cicero

289 2991 366 3034 oum
388 2969 425 3034 in
446 2969 572 3036 finibus
587 2970 781 3055 Lycaoniae
797 2978 832 3036 et
853 2969 1088 3057 Cappadociae
1102 2969 1225 3036 fuisset
1245 2970 1303 3052 (ad
1321 2969 1401 3036 fam.
1417 2971 1487 3036 XV

290 3088 319 3171 1,
337 3087 373 3168 2)
395 3108 424 3152 a.
447 3086 479 3152 d.
501 3087 575 3152 XII
596 3085 629 3152 k.
652 3086 726 3152 Oct.
748 3086 888 3152 videtur
909 3085 1089 3171 Cybistras
1121 3086 1266 3170 venisse,
1299 3109 1329 3152 a.
1352 3087 1383 3154 d.
1416 3086 1486 3152 VII

287 3203 320 3270 k.
344 3202 418 3269 Oct.
441 3202 521 3269 inde
548 3203 720 3290 profectus
743 3225 826 3269 erse.
870 3203 927 3268 Ad
948 3203 1022 3270 Att.
1045 3204 1077 3269 V
1101 3205 1142 3273 19,
1172 3203 1257 3268 ad.
1289 3200 1325 3268 X
1356 3202 1389 3270 k.
1412 3203 1484 3270 Oct.

175 3412 177 3416 ι
211 3319 214 3324 ’
289 3319 459 3406 Cybistris
482 3319 580 3386 datar
603 3341 676 3385 esse
699 3319 845 3404 legimus
867 3319 911 3386 ad
932 3319 1006 3386 Att.
1028 3320 1080 3386 VI
1102 3321 1130 3404 1,
1157 3321 1185 3386 1.

387 3436 445 3501 Ad
464 3436 544 3502 fam.
567 3435 636 3501 XV
657 3436 678 3500 2
700 3458 728 3502 a.
752 3435 784 3500 d.
807 3434 894 3500 VHI
915 3433 947 3500 k.
980 3434 1054 3500 Oct.
1081 3435 1239 3522 paullove
1271 3442 1348 3522 post
1381 3435 1484 3504 missa

287 3560 354 3636 est;
376 3553 457 3618 vide
480 3557 499 3634 ἓ
520 3554 542 3618 8
564 3558 610 3619 ite
632 3553 810 3640 confirmato
833 3555 888 3618 illc
911 3577 949 3616 ee
971 3576 1004 3616 eo
1026 3553 1091 3618 loco
1114 3567 1217 3619 castra
1238 3557 1329 3618 mcci.

302 3717 304 3728 ι
386 3670 505 3736 Cicero
527 3669 633 3754 igitur
665 3691 693 3734 a.
728 3666 759 3734 d.
783 3667 869 3736 VIH
901 3665 933 3733 k.
955 3665 1030 3734 Oct.
1062 3666 1279 3751 aCybistris
1311 3665 1483 3753 profectus

287 3784 355 3852 iter
375 3786 413 3850 in
435 3785 593 3852 Ciliciam
614 3807 676 3872 per
697 3783 802 3849 Tauri
822 3783 921 3871 pylas
948 3783 1041 3851 fecit.
1096 3783 1239 3850 Tarsum
1270 3783 1368 3850 venit
1398 3807 1428 3850 a.
1451 3784 1483 3850 d.
1528 3797 1530 3802 ’

286 3903 342 3968 ΠΙ
363 3925 441 3969 non.
465 3903 539 3968 Oct.
562 3904 619 3986 (ad
640 3903 715 3969 Att.
737 3901 768 3966 V
791 3903 841 3987 20,
863 3904 912 3986 2);
939 3902 1020 3968 inde
1046 3902 1146 3969 nonis
1168 3902 1373 3968 Octobribus
1406 3922 1483 3988 pro-

285 4020 395 4087 iectus
417 4041 446 4086 a.
469 4018 501 4085 d.
514 4020 601 4086 VIII
622 4020 668 4086 id.
692 4019 763 4088 Oct.
787 4026 898 4086 castra
919 4019 956 4084 in
977 4039 1060 4104 agro
1081 4016 1335 4104 Mopsuhestiae
1356 4018 1400 4084 ad
1414 4019 1483 4102 Py-

285 4159 417 4204 ramum
438 4137 582 4203 flnvium
603 4137 724 4204 habuit
746 4138 803 4220 (ad
824 4137 904 4204 fam.
927 4137 982 4204 ΙΙΙ
1002 4137 1025 4201 8
1047 4137 1109 4216 10).
1143 4135 1229 4202 Cum
1250 4134 1295 4202 ad
1309 4135 1483 4202 Amanum

284 4257 444 4343 venisset,
467 4255 592 4321 certior
612 4255 722 4320 factus
746 4263 798 4321 est
819 4255 861 4320 de
883 4254 1091 4320 Parthorum
1112 4251 1272 4324 discessu.
1314 4251 1483 4320 seucum

284 4371 507 4441 vehementer
528 4380 668 4462 cuperet
688 4395 789 4439 curru
821 4371 1029 4459 Capitolium
1060 4369 1253 4454 ascendere,
1277 4391 1482 4456 quamquam

284 4491 321 4557 in
350 4492 472 4558 Crasso
506 4496 639 4560 oratore
672 4489 899 4578 'cupiditatem
929 4487 1025 4554 illam
1057 4485 1306 4573 reprehendere
1339 4487 1481 4572 solebat,

527 4598 659 4648 fi..

715 4692 753 4759 ’Ἄ
